1701 2605
687 194 765 220 ARS
796 194 985 220 POETICA.

218 286 275 324 Ut
295 285 403 324 mala
421 298 541 336 quem
562 285 714 324 scabies
734 288 807 322 aut
826 285 992 322 morbus
1011 285 1148 334 regius
1170 290 1288 335 urget

162 350 250 388 Aut
268 350 472 388 fanaticus
491 362 602 388 error
619 352 661 388 et
679 349 873 387 iracunda
901 349 1046 393 Diana,

162 414 370 453 Vesanum
390 414 571 464 tetigisse
590 414 736 452 timent
755 413 1002 464 fugiuntque
1028 417 1204 464 poetam,

163 477 245 525 Qui
265 479 451 530 sapiunt:
482 478 642 529 agitant
660 478 775 528 pueri
796 478 1031 528 incautique
1052 481 1292 528 sequuntur.

164 543 244 581 Hic
264 543 363 581 dum
383 543 568 581 sublimis
588 556 726 580 versus
747 546 930 579 ructatur
949 546 990 580 et
1009 545 1128 586 errat,

166 607 209 645 Si
228 607 355 645 veluti
373 607 538 646 merulis
558 607 741 645 intentus
761 606 911 644 decidit
930 620 1075 657 auceps

164 673 216 710 In
236 676 404 723 puteum
415 672 635 716 foveamve,
655 671 746 709 licet
768 676 789 690 “
807 671 1025 708 succurrite
1041 671 1060 685 ”
1082 670 1249 720 longum

165 736 323 775 Clamet
345 742 367 756 “
388 737 426 775 io
446 736 550 774 cives
567 737 575 774 ἒ
594 736 614 749 ”
636 749 717 773 non
738 735 791 772 sit
811 735 881 785 qui
902 735 1042 773 tollere
1062 739 1184 772 curet.

167 801 209 839 Si
228 804 340 839 curet
360 801 451 851 quis
471 813 588 851 opem
607 800 712 838 ferre
731 803 772 837 et
791 799 1001 837 demittere
1020 800 1173 842 funem,

167 870 187 885 “
206 864 287 912 Qui
308 865 396 910 scis,
417 878 470 903 au
490 864 667 915 prudens
687 864 766 901 huc
787 877 827 901 se
846 863 1057 914 proiecerit
1077 867 1199 913 atque

167 929 326 967 Servari
344 928 479 967 nolit?
495 929 515 943 ⁷'
546 929 689 973 (licam,
711 927 914 979 Siculique
933 932 1074 978 poetae

165 994 352 1032 Narrabo
373 993 596 1032 interitum.
654 992 763 1030 Deus
785 992 1026 1029 immortalis
1046 992 1183 1029 haberi

165 1059 278 1097 Dum
296 1059 409 1109 cupit
429 1057 707 1109 Empedocles,
728 1057 937 1095 ardentem
956 1056 1132 1106 frigidus
1152 1056 1327 1094 Aetnam

168 1123 346 1161 Insiluit.
405 1123 467 1162 Sit
488 1123 550 1160 ius
570 1122 767 1172 liceatque
787 1121 915 1172 perire
936 1121 1085 1172 poetis:

169 1188 355 1226 Invitum
375 1187 446 1238 qui
467 1190 610 1231 servat,
633 1187 740 1224 idem
760 1186 859 1223 facit
879 1185 1086 1223 occidenti.

167 1253 250 1290 Nec
271 1251 392 1290 semel
411 1251 484 1289 hoc
503 1250 611 1295 fecit,
633 1263 718 1294 nec,
743 1250 775 1287 si
796 1253 995 1287 retractus
1014 1249 1103 1293 erit,
1125 1249 1206 1286 iam

167 1317 258 1355 Fiet
277 1316 396 1354 homo
416 1320 457 1354 et
475 1319 599 1366 ponet
615 1315 793 1352 famosam¹
814 1313 955 1351 mortis
977 1326 1164 1351 amorem.

168 1382 251 1419 Nec
272 1381 371 1418 satis
391 1383 570 1431 apparet,
591 1392 662 1417 cur
680 1392 819 1417 versus
843 1378 1003 1415 factitet
1020 1394 1026 1423 ;
1058 1382 1196 1415 utrum

168 1445 364 1483 Minxerit
383 1444 424 1481 in
444 1444 596 1495 patrios
616 1444 779 1487 cineres,
801 1456 852 1480 an
872 1442 988 1479 triste
1009 1442 1190 1479 bidental

169 1509 344 1547 Moverit
364 1509 540 1546 incestus
559 1525 566 1554 ;
596 1511 702 1546 certe
721 1507 834 1551 furit,
856 1520 901 1544 ac
921 1506 1031 1543 velut
1054 1519 1184 1547 ursus,

170 1574 358 1612 Obiectos
377 1585 518 1611 caveae
541 1572 668 1610 valuit
690 1571 722 1608 si
743 1572 929 1619 frangere
954 1570 1142 1611 clathros,

171 1638 388 1676 Indoctum
408 1637 653 1687 doctumque
674 1636 793 1682 fugat
813 1635 1001 1673 recitator
1020 1634 1210 1679 acerbus3

171 1702 302 1750 Quem
322 1715 414 1739 vcro
435 1701 619 1751 arripuit,
641 1704 752 1737 tenet
771 1699 996 1749 occiditqlm
1018 1698 1196 1745 logon-10,

172 1767 264 1805 Non
285 1766 458 1804 missura
477 1770 609 1803 cutem
630 1765 706 1802 nisi
728 1764 1015 1814 plena'muioris
1037 1763 1192 1799 hirudo.

1424 182 1499 221 139

1423 426 1494 461 455

1425 739 1499 782 400

1425 1060 1496 1104 465

1426 1711 1498 1749 475
