1701 2605
663 215 742 241 Ans
773 215 963 242 POETICA.

143 301 313 344 Tardjor
331 308 380 343 ut
404 303 524 357 paulo
545 305 783 356 graviorque
802 306 956 344 veniret
976 306 1027 344 ad
1047 319 1175 350 aures,

143 369 350 420 Spondeos
370 369 535 408 stabiles
555 370 597 407 in
617 369 708 407 iura
726 373 896 420 paterna
915 370 1067 421 recepit

142 432 388 471 Commodus
407 437 448 472 et
466 433 637 485 patiens,
658 446 740 472 non
759 437 807 471 ut
825 434 875 472 (le
895 434 987 473 sede
1008 434 1183 472 secunda

141 497 311 536 eederet
329 502 402 536 aut
421 502 568 549 quarta
587 498 797 536 socialiter.
855 499 933 537 Hic
953 503 994 537 et
1013 499 1056 536 in
1074 499 1171 537 Acci

141 562 358 601 Nobilibus
378 563 573 601 trimetris
593 567 762 614 apparet
781 576 910 608 rarus,
931 567 973 601 et
992 564 1102 601 Enni

140 626 192 664 In
211 639 396 665 scaenam
415 627 560 666 missos
579 640 671 665 cum
690 640 838 678 magno
857 627 1032 678 pondere
1052 641 1190 666 versus

141 690 229 728 Aut
249 704 391 742 operae
410 691 547 730 celeris
567 691 741 729 nimium
761 705 937 742 curaque
956 693 1129 730 carentis

140 754 229 793 Aut
247 755 456 805 ignoratae
474 755 622 807 premit
641 756 742 794 artis
762 756 928 794 crimine
949 756 1072 807 turpi.

142 819 237 858 Non
256 820 389 870 quivis
409 820 520 858 videt
538 820 806 858 immodulata
825 824 1012 872 poemata
1032 820 1163 865 iudex,

143 884 199 922 Et
218 884 315 922 data
334 885 530 923 Romanis
551 885 669 923 venia
688 889 750 923 est
770 885 939 935 indigna
958 885 1100 936 poetis.

142 949 349 987 Idcircone
368 962 489 999 vager
509 949 762 1000 scribamque
780 949 977 988 licenter?
1008 963 1060 987 an
1080 962 1218 987 omnes

141 1013 312 1051 Visuros
331 1018 494 1064 peccata
514 1018 655 1065 putem
674 1026 775 1058 mea,
796 1017 914 1051 tutus
933 1018 974 1052 et
994 1014 1103 1052 intra

143 1078 264 1129 Spem
283 1078 422 1116 veniae
441 1078 617 1116 cautus?
674 1078 813 1116 Vitavi
832 1078 1006 1129 denique
1025 1078 1200 1129 culpam,

143 1142 236 1180 Non
255 1142 417 1180 laudem
435 1142 575 1180 merui.
633 1142 716 1180 Vos
735 1142 979 1193 exemplaria
999 1144 1153 1181 Graeca

142 1207 353 1245 Nocturna
372 1210 528 1245 versate
547 1219 684 1250 manu,
705 1210 862 1245 versate
881 1207 1039 1244 diurna.

140 1272 199 1309 At
224 1271 347 1309 vestri
367 1270 506 1322 proavi
526 1270 740 1308 Plautinos
759 1274 800 1308 et
820 1284 1008 1309 numeros
1027 1275 1068 1308 et

142 1335 379 1374 Laudavere
400 1335 513 1380 sales,
535 1335 707 1372 nimium
727 1335 928 1386 patienter
947 1339 1178 1386 utrumque,

141 1401 204 1439 Ne
223 1400 354 1438 dicam
375 1399 511 1445 stulte,
532 1399 681 1444 mirati,
704 1400 737 1437 si
756 1400 876 1437 modo
894 1413 968 1449 ego
986 1404 1027 1438 et
1047 1414 1116 1438 vos

143 1465 300 1504 Scimus
320 1465 567 1502 inurbanum
587 1464 719 1515 lepido
740 1478 927 1515 seponere
948 1465 1055 1502 dicto

141 1530 468 1579 Legitimumque
488 1542 632 1566 sonum
651 1528 791 1578 digitis
811 1528 1001 1566 callemus
1020 1533 1061 1567 et
1080 1542 1186 1566 aure.

194 1595 390 1644 Ignotum
409 1593 587 1643 tragicae
607 1606 733 1641 genus
755 1593 954 1631 invenisse
975 1593 1174 1631 Camenae

141 1658 305 1697 Dicitur
323 1662 364 1695 et
383 1657 578 1708 plaustris
599 1657 751 1695 vexisse
772 1661 958 1707 poemata
978 1657 1159 1707 Thespis,

141 1722 254 1770 Quae
274 1725 462 1760 canerent
481 1726 727 1772 agerentque
746 1722 931 1772 peruncti
952 1721 1132 1759 faecibus
1153 1735 1233 1759 ora.

142 1788 242 1826 Post
261 1787 368 1824 1111110
388 1799 580 1837 personae
601 1786 809 1837 pallaeque
830 1790 1010 1837 repertor
1030 1786 1220 1823 honestae

140 1851 364 1902 Aeschylus
383 1855 424 1889 et
443 1850 610 1888 modicis
631 1850 826 1888 instravit
846 1849 1006 1901 pulpita
1026 1850 1152 1899 tignis

141 1917 197 1954 Et
216 1915 354 1954 docuit
373 1928 647 1965 magnumque
662 1915 772 1965 loqui
794 1915 949 1965 nitique
968 1914 1176 1952 cothurno.

143 1981 342 2020 Successit
361 1984 477 2018 vetus
497 1979 559 2017 his
580 1980 796 2023 comoedia,
817 1993 897 2016 nou
919 1979 1003 2016 siue
1024 1979 1153 2017 inulta

141 2045 302 2090 Lausle3
334 2045 400 2083 sed
424 2045 465 2082 111
486 2044 631 2082 vitium
655 2044 821 2082 libertas
841 2044 990 2081 excidit
1009 2048 1049 2081 et
1070 2044 1150 2081 vim

141 2111 318 2160 Dignam
340 2109 425 2157 lege
446 2109 550 2157 regi;
583 2108 641 2147 lex
664 2113 726 2146 est
745 2112 918 2159 1100011111,
939 2109 1165 2159 chorusque

141 2174 332 2225 Turpiter
351 2173 523 2211 obticuit
543 2173 706 2210 sublato
727 2173 811 2210 iuro
830 2173 1010 2210 1100011111.

142 2239 213 2277 Nil
233 2239 523 2288 intemptatum
543 2237 672 2275 nostri
694 2237 846 2287 liquere
865 2241 1018 2287 poetam,

142 2304 224 2343 Nec
244 2303 457 2340 minimum
478 2314 658 2339 meruere
677 2301 810 2343 decus,
832 2301 1001 2348 vestigia
1021 2302 1175 2339 Graeca

141 2367 245 2408 Ausi
265 2367 443 2405 descrere
462 2370 504 2404 et
521 2365 723 2404 celebrare
743 2365 964 2403 domestica
984 2366 1103 2410 facta,

1406 207 1480 245 133

1403 322 1471 356 255

1397 632 1468 667 260

1401 953 1469 998 265

1394 1284 1467 1322 270

1398 1604 1466 1642 275

1397 1916 1468 1950 280

1396 2238 1464 2283 285
