1701 2605
1286 112 1375 194 s>

263 180 312 218 34
839 186 1009 214 HORACE.

882 328 986 367 XII.
1083 264 1161 365 s

262 420 493 457 Fauo'mnos
510 419 715 468 Agrippae
735 416 885 463 Siculis,
904 428 1001 466 quos
1018 415 1180 466 colligis,
1198 415 1295 462 Ioci,

263 480 304 518 Si
323 485 427 518 recte
447 480 600 525 frueris,
623 492 701 516 non
720 483 782 515 est
799 482 846 515 ut
865 478 975 527 copia
993 478 1118 514 maior

261 543 328 580 Ab
347 543 442 579 Iove
460 541 598 578 donari
617 540 737 590 possit
756 540 839 577 tibi.
896 539 1004 576 Tolle
1022 538 1238 588 querellas:

261 604 421 653 Pauper
441 603 544 640 enim
564 616 643 639 non
662 606 733 648 est,
754 602 816 639 cui
834 613 967 638 rerum
986 600 1163 650 suppetit
1181 610 1284 638 usus.

263 664 305 702 Si
330 665 454 702 ventri
473 665 583 710 bene,
603 664 635 701 si
655 663 810 700 laterist
829 662 1068 712 pedibusque
1087 661 1179 707 tuis,
1200 660 1258 697 nil

263 726 439 764 Divitiae
459 729 648 775 poterunt
666 725 818 774 regales
836 724 976 760 addere
995 723 1136 760 maius.

264 788 306 826 Si
324 788 429 824 forte
447 788 489 824 in
509 787 634 824 medio
653 786 867 836 positorum
888 784 1103 821 abstemius
1122 782 1254 820 herbis

263 849 378 887 Vivis
395 855 436 886 et
456 850 596 894 urtica,
618 848 672 884 sic
690 851 797 884 vives
816 847 1010 896 protinus,
1032 850 1079 882 ut
1098 849 1138 882 te

264 911 478 949 Confestim
498 910 668 959 liquidus
686 909 888 946 Fortunae
908 909 1015 944 rivus
1034 908 1206 954 inauret,

262 973 340 1010 Vel
359 973 454 1022 quia
473 978 661 1008 naturam
682 976 838 1007 mutare
858 969 1025 1020 pecunia
1045 969 1179 1015 nescit,

263 1035 339 1072 Vel
359 1035 453 1083 quia
472 1039 614 1070 cuncta
633 1037 752 1082 putas
772 1044 854 1068 una
874 1032 1023 1067 virtute
1043 1030 1206 1068 minora.

264 1095 471 1140 Miramur,
492 1095 523 1131 si
544 1093 757 1131 Democriti
778 1105 894 1142 pecus
912 1091 992 1128 edit
1012 1091 1156 1140 agellos

264 1157 472 1206 Cultaque,
493 1155 586 1192 dum
606 1158 805 1204 peregrest
824 1154 981 1189 animus
1001 1153 1084 1189 sine
1103 1163 1261 1202 corpore
1279 1150 1402 1198 velox,

264 1218 365 1256 Cum
385 1222 430 1254 tu
449 1217 555 1253 inter
572 1217 740 1253 scabiem
760 1219 917 1252 tantam
938 1218 977 1250 et
997 1213 1181 1262 contagia
1200 1212 1300 1249 lucri

263 1279 333 1317 Ni]
353 1292 521 1329 parvum
540 1279 670 1327 sapias
690 1280 730 1314 et
749 1276 877 1313 adhuc
896 1275 1079 1312 sublimia
1098 1287 1209 1311 cures
1226 1288 1234 1311 :

264 1342 374 1386 Quae
393 1352 499 1376 mare
519 1342 752 1387 conpescant
771 1349 918 1381 causae,
942 1336 1035 1385 quid
1054 1337 1247 1385 temperet
1265 1345 1428 1380 annum,

266 1402 411 1440 Stellae
429 1406 567 1451 sponte
586 1413 657 1437 sua
674 1400 851 1436 iussaene
870 1401 1067 1447 vagentur
1085 1402 1125 1433 et
1144 1399 1288 1442 errent,

266 1463 368 1509 Quid
388 1467 544 1512 premat
563 1462 768 1498 obscurum
790 1460 938 1505 Lunae,
960 1458 1053 1507 quid
1072 1457 1249 1507 proferat
1267 1455 1412 1502 orbem,

266 1525 368 1570 Quid
388 1524 483 1561 velit
501 1527 541 1560 et
560 1523 681 1573 possit
701 1535 834 1559 rerum
854 1520 1057 1557 concordia
1077 1519 1231 1565 discors,

266 1585 520 1635 Empedocles
537 1597 589 1621 an
610 1583 845 1620 Stertinium
865 1581 1004 1618 deliret
1023 1592 1186 1617 acumen
1202 1581 1215 1616 2

266 1649 419 1685 Verum
440 1660 507 1684 seu
527 1647 648 1695 pisces
667 1658 734 1682 seu
754 1656 914 1694 porrum
933 1647 973 1679 et
992 1655 1108 1691 caepe
1128 1639 1312 1686 trucidas,

232 1748 233 1751 ,
266 1711 394 1748 Utere
413 1709 597 1758 Pompeio
616 1706 793 1756 Grospho
812 1709 852 1742 et
871 1704 996 1754 siquid
1015 1707 1123 1753 petet
1142 1703 1247 1739 ultro

269 1770 415 1809 Defer:
445 1770 500 1807 nil
521 1769 723 1817 Grosphus
742 1767 817 1803 nisi
836 1779 973 1802 verum
991 1765 1120 1802 orabit
1140 1768 1179 1801 et
1198 1775 1375 1812 aequum.

269 1833 372 1869 Vilis
391 1832 642 1868 amicorumst
660 1841 829 1874 annona,
849 1827 960 1863 bonis
979 1826 1045 1862 ubi
1064 1825 1158 1874 quid
1177 1824 1271 1860 dest.

268 1895 333 1932 Ne
351 1898 485 1930 tamen
504 1893 669 1941 ignores,
691 1902 767 1938 quo
787 1889 838 1924 sit
858 1888 1039 1924 Romana
1059 1887 1140 1922 loco
1159 1897 1221 1921 res
1237 1897 1245 1922 ε

270 1955 471 1993 Cantaber
490 1952 704 2002 Agrippae,
727 1949 865 1987 Claudi
885 1950 1033 1984 virtute
1052 1946 1222 1983 Neronis

269 2017 486 2055 Armenius
503 2014 661 2059 cecidit3
690 2014 750 2049 ius
769 2011 1052 2060 imperiumque
1072 2008 1294 2045 Phrahates

272 2077 451 2117 Caesaris
470 2076 621 2124 accepit
641 2074 804 2124 genibus
823 2073 950 2109 minor
964 2085 974 2119 3
1003 2082 1123 2107 aurea
1143 2069 1277 2118 fruges

273 2140 415 2178 Italiae
434 2138 548 2187 pleno
566 2135 747 2173 defundit
766 2135 885 2184 Copia
905 2146 1035 2170 cornu.

1492 172 1579 227 [xn.

1541 979 1587 1005 10

1540 1590 1588 1614 20

1541 1893 1585 1931 25
