1701 2605
147 173 345 227 X1x.‚xx]
615 185 806 221 EPISTLES,
838 185 942 212 BOOK
971 184 996 213 1.

146 280 343 331 Ingenuis
362 280 562 329 oculisque
581 279 658 329 legi
677 279 938 327 manibusque
956 277 1091 315 teneri.

147 341 253 380 Scire
271 341 377 388 velis,
398 353 487 378 mea
506 353 576 378 cur
594 340 776 390 ingratus
793 339 978 389 opuscula
997 339 1118 375 lector

146 403 302 448 Laudet
319 407 504 453 ametque
524 401 640 447 domi,
662 406 816 451 premat
836 406 951 437 extra
970 400 1089 436 limen
1108 399 1278 448 iniquus.

144 465 236 504 Non
248 478 325 516 ‚ego
344 469 530 503 ventosae
549 463 671 514 plebis
690 463 877 512 suffragia
898 474 1017 499 venor

146 527 328 577 Inpensis
345 538 533 564 cenarum
551 529 593 563 et
611 525 733 562 tritae
752 536 914 561 munere
933 523 1052 560 vestis
1067 536 1076 568 ;

145 589 239 627 Non
257 601 339 639 ego,
360 588 549 626 nobilium
568 587 806 636 scriptorum
825 585 982 622 auditor
1001 588 1041 622 et
1061 584 1180 629 ultor,

146 650 435 688 Grammaticas
453 649 604 686 ambire
621 648 751 685 tribus
770 651 810 684 et
829 647 984 696 pulpita
1004 646 1163 695 dignor:

147 712 255 750 Hinc
274 710 368 749 illae
386 711 582 748 lacrimae.
641 712 662 730 “
680 709 818 759 Spissis
836 708 1000 757 indigna
1019 706 1191 744 theatris

148 772 304 824 Scripta
322 772 444 822 pudet
463 772 630 810 recitare
648 775 689 809 et
708 769 823 820 nugis
841 769 981 806 addere
1000 768 1151 818 pondus
1165 767 1183 783 '’

147 834 189 872 Si
207 835 300 883 dixi,
320 837 343 856 “
359 833 481 871 Rides
492 833 511 849 '’
530 833 600 880 ait,
623 836 699 869 “et
719 832 824 869 Iovis
843 831 1005 868 auribus
1022 830 1100 867 ista

147 895 288 933 Servas
304 907 313 933 z
341 895 428 935 fidis
445 894 551 932 enim
570 905 732 931 manare
751 892 904 942 poetica
923 891 1041 928 mella

146 957 200 995 Te
217 957 354 1002 solum,
374 956 448 994 tibi
466 954 661 1006 pulcher.''
716 954 780 992 Ad
799 953 895 990 haec
913 965 984 1002 ego
1003 952 1166 989 naribus
1185 951 1246 988 uti

147 1018 327 1056 Formido
346 1022 399 1064 et,
419 1017 610 1054 luctantis
629 1020 746 1054 acuto
764 1028 814 1053 ne
832 1027 936 1053 secer
956 1014 1092 1064 ungui,

148 1082 171 1101 “
187 1079 377 1129 Displicet
395 1079 470 1116 iste
489 1078 597 1115 locus
612 1078 631 1094 '’
651 1077 777 1114 clamo
796 1080 837 1114 et
856 1076 1006 1129 diludia
1025 1087 1148 1124 posco.

147 1141 283 1179 Ludus
301 1140 405 1178 enim
426 1139 563 1190 genuit
583 1139 782 1189 trepidum
801 1142 1002 1175 certamen
1021 1141 1061 1174 et
1080 1136 1195 1182 iram,

148 1203 220 1241 Ira
237 1207 369 1241 truces
386 1202 614 1239 inimicitias
632 1205 673 1239 et
693 1200 860 1238 funebre
878 1199 1037 1237 bellum.

762 1420 855 1457 xx.
1096 1385 1135 1437 J

148 1505 415 1542 VERTUMNUM
435 1502 668 1550 Ianumque,
688 1499 798 1545 liber,
819 1501 995 1548 spectare
1014 1496 1168 1544 videris,

150 1563 304 1602 Scilicet
322 1567 369 1600 ut
387 1566 537 1612 prostes
556 1560 753 1598 Sosiorum
774 1559 925 1609 pumice
943 1558 1123 1595 mundus.

149 1625 277 1663 Odisti
295 1624 425 1662 claves
443 1627 484 1661 et
502 1626 620 1672 grata
640 1621 770 1672 sigilla
790 1620 931 1670 pudico
947 1634 957 1667 ς

150 1685 290 1724 Paucis
308 1684 460 1723 ostendi
479 1683 602 1734 gemis
621 1686 662 1720 et
679 1682 902 1720 communia
921 1680 1070 1727 laudas,

150 1747 244 1786 Non
261 1747 321 1785 ita
341 1746 529 1784 nutritus.
586 1745 695 1795 Fuge
717 1756 795 1794 quo
815 1743 1045 1780 descendere
1063 1742 1203 1791 gestis:

150 1809 243 1847 Non
261 1808 338 1847 erit
356 1808 495 1845 emisso
514 1806 664 1844 reditus
682 1805 768 1843 tibi.
826 1804 963 1849 “Quid
983 1804 1099 1840 miser
1119 1803 1204 1850 egi?

151 1871 253 1917 Quid
272 1869 378 1908 volui
392 1871 406 1908 '1
421 1869 440 1885 ’'
460 1869 572 1915 dices,
592 1867 661 1905 ubi
679 1866 773 1917 quid
792 1870 832 1903 te
852 1865 1009 1902 laeserit
1022 1879 1032 1912 5
1060 1867 1101 1900 et
1119 1863 1191 1900 scis

152 1933 204 1970 In
222 1932 341 1969 breve
359 1934 400 1968 te
418 1930 514 1980 cogi,
535 1941 624 1966 cum
644 1928 783 1979 plenus
801 1927 965 1976 languet
983 1929 1150 1962 amator.

151 1993 263 2040 Quod
281 1992 314 2030 si
332 2004 412 2030 non
430 1991 516 2029 odio
534 1990 732 2041 peccantis
751 1989 893 2039 desipit
912 2000 1051 2037 augur,

151 2055 278 2093 Carus
294 2053 371 2091 eris
390 2053 552 2100 Romae,
571 2052 691 2089 donec
709 2056 751 2088 te
769 2051 923 2088 deserat
941 2052 1050 2085 aetas
1065 2062 1074 2095 ;

152 2116 431 2154 Contrectatus
449 2114 516 2151 ubi
536 2113 718 2150 manibus
737 2111 952 2149 sordescere
970 2109 1073 2157 volgi

152 2175 346 2227 Coeperis,
366 2180 439 2213 aut
457 2175 587 2225 tiueas
606 2186 738 2224 pasces
757 2173 979 2210 taciturnus
999 2171 1142 2207 inertes

151 2239 240 2277 Aut
259 2237 386 2288 fugies
405 2237 569 2276 Uticam
589 2239 661 2273 aut
680 2235 837 2272 vinctus
856 2232 1024 2270 mitteris
1045 2230 1228 2268 Ilerdam.

153 2298 315 2338 Ridebit
334 2299 505 2336 monitor
523 2310 603 2335 non
621 2296 841 2340 exauditus,
861 2298 908 2331 ut
926 2294 1002 2339 illo,

154 2360 232 2409 Qui
249 2359 353 2398 male
372 2363 579 2411 parentem
598 2359 641 2397 in
659 2369 776 2407 rupes
795 2355 987 2408 protrusit
1006 2353 1167 2391 asellum

1415 173 1463 212 47

1416 349 1461 387 35

1417 658 1464 691 40

1421 964 1461 999 45

1423 2058 1467 2082 10

1421 2360 1463 2399 ¹5
