1701 2605
185 173 232 228 1.]
645 184 837 220 nms‘rLEs,
869 185 972 211 BOOK
1001 184 1045 211 11.
1063 166 1066 169 ’

184 281 236 318 Os
254 285 436 318 tenerum
457 280 569 330 pueri
589 279 828 328 balbumque
847 282 964 328 poeta
985 278 1142 327 figurat,

183 343 355 392 Torquet
373 343 424 379 ab
442 341 642 379 obscaenis
660 341 737 377 iam
760 352 864 376 nunc
884 339 1126 375 sermonibus
1146 351 1294 385 aurem,

184 404 279 441 Mox
297 404 419 441 etiam
440 408 574 454 pectus
593 403 814 452 praeceptis
834 401 984 438 format
1003 400 1150 446 amicis,

181 466 425 515 Asperitatis
443 470 483 502 et
501 465 673 501 invidiae
693 467 888 501 corrector
907 467 948 500 et
968 462 1064 508 irae,

182 528 305 565 Recte
324 526 433 564 facta
452 526 586 572 refert,
607 526 774 563 orientia
793 529 973 574 tempora
993 523 1097 560 notis

182 589 357 627 Instruit
375 588 573 637 exemplis,
593 587 748 636 inopem
767 586 919 622 solatur
937 589 978 622 et
997 597 1169 634 aegrum.

182 651 310 688 Castis
328 663 416 687 cum
436 649 566 699 pueris
583 648 724 698 ignara
745 647 875 697 puella
895 646 1029 683 mariti

182 712 360 749 Disceret
378 711 482 749 uncle
500 723 643 760 preceS,
665 713 796 746 vatem
816 709 858 745 ni
879 707 997 744 Musa
1018 707 1212 744 dedisset?

181 774 311 811 Poscit
329 786 441 823 opem
460 773 599 810 chorus
619 775 659 809 et
677 771 901 821 praesentia
921 769 1088 806 numina
1106 769 1238 815 sentit,

182 835 376 872 Caelestes
394 834 568 884 inplorat
587 845 710 882 aquas
730 832 844 868 docta
864 843 975 880 prece
995 829 1174 875 blandus,

180 897 342 934 Avertit
361 896 526 943 morbos,
549 893 761 931 metuenda
780 892 954 943 pericula
975 891 1099 941 pellit,

181 959 365 1008 Inpetrat
384 961 425 994 et
443 970 579 1007 pacem
599 961 638 993 et
659 955 892 1004 locupletem
912 953 1094 1002 frugibus
1113 965 1273 992 annum.

181 1020 366 1058 Carmine
385 1019 424 1056 di
442 1018 574 1068 superi
593 1017 814 1067 placantur,
836 1015 1010 1052 carmine
1031 1013 1181 1050 Manes.

179 1081 389 1131 Agricolae
407 1080 533 1130 prisci,
554 1079 676 1116 fortes
695 1090 893 1128 parvoque
912 1076 1028 1123 beati,

180 1143 349 1181 Condita
368 1147 456 1193 post
475 1141 677 1178 frumenta
698 1141 873 1176 levantes
892 1143 1066 1188 tempore
1086 1137 1184 1174 festo

180 1204 329 1254 Corpus
348 1207 388 1240 et
408 1204 538 1253 ipsum
558 1202 733 1238 animum
753 1212 820 1250 spe
841 1200 929 1236 finis
949 1199 1048 1235 dura
1069 1199 1272 1245 ferentem,

179 1266 278 1304 Cum
298 1267 409 1303 sociis
427 1277 598 1315 operum,
621 1263 751 1314 pueris
771 1267 809 1300 et
830 1262 992 1311 coniuge
1012 1260 1100 1306 fida,

178 1328 373 1365 Tellurem
394 1340 519 1376 porco,
543 1325 747 1363 Silvanum
768 1324 870 1360 lacte
890 1323 1066 1373 piabant,

180 1390 360 1427 Floribus
378 1394 419 1427 et
437 1389 528 1426 vino
548 1388 717 1426 Genium
736 1398 946 1423 memorem
966 1384 1094 1421 brevis
1113 1384 1208 1422 aovi.

180 1451 421 1493 Fescennina
441 1464 509 1500 per
529 1450 632 1487 hunc
653 1451 810 1486 invecta
830 1447 988 1485 licentia
1009 1459 1155 1483 morem

179 1513 369 1551 Versibus
388 1513 553 1551 alternis
572 1512 780 1562 opprobria
799 1511 942 1547 rustica
965 1509 1077 1554 fudit,

179 1575 438 1624 Libertasque
457 1578 705 1611 recurrentes
724 1577 884 1622 accepta
905 1584 973 1621 pur
992 1583 1115 1606 annos

178 1637 292 1674 Lusit
311 1636 544 1682 amabiliter,
566 1635 686 1672 donec
704 1635 784 1671 iam
804 1645 944 1670 saevus
962 1635 1140 1681 apertam

178 1699 229 1735 In
247 1699 397 1735 rabiem
416 1698 540 1748 coepit
560 1697 660 1734 vorti
680 1697 785 1733 iocus
803 1699 843 1732 et
863 1708 932 1744 pcr
952 1694 1134 1730 honestas

178 1760 244 1797 Ire
263 1760 395 1798 domos
412 1760 560 1809 inpune
582 1758 728 1795 minax.
788 1757 957 1793 Doluore
976 1758 1139 1791 cruento

178 1821 308 1860 Dente
327 1821 504 1868 lacessiti,
527 1820 603 1857 fuit
623 1821 782 1857 intactis
801 1831 953 1868 quoquo
973 1830 1067 1853 cura

177 1882 410 1920 Condicione
430 1895 546 1931 super
565 1881 775 1928 communi,
797 1881 890 1930 quin
912 1879 1030 1916 etiam
1052 1878 1114 1914 lcx

177 1943 386 1994 Poenaque
404 1944 500 1990 lata,
522 1943 626 1979 malo
645 1955 748 1992 quae
769 1941 890 1978 nollet
910 1941 1084 1976 (firmine
1103 1950 1340 1988 quemquam

178 2005 378 2052 Describi;
408 2009 560 2042 vortere
582 2005 739 2041 modum
761 2002 968 2040 formidine
989 2001 1106 2037 fustis

177 2067 242 2104 Ad
260 2068 358 2105 bene
377 2067 581 2104 dicendum
601 2065 951 2113 delectandumque
971 2063 1128 2099 rsdacti.

177 2128 343 2165 Graecia
362 2132 477 2178 capta
497 2126 624 2164 ferum
646 2128 833 2163 victorcm
857 2125 972 2174 cepit,
993 2130 1032 2160 ot
1052 2127 1157 2160 artos

177 2190 326 2228 Intulit
345 2190 492 2239 agresti
513 2189 652 2226 Latio:
684 2189 737 2225 sic
757 2187 938 2225 horridus
957 2186 1022 2222 illo

177 2250 357 2289 Dessuxit
376 2264 563 2288 numerus
582 2251 804 2295 Saturnius,
826 2253 866 2286 ct
885 2260 1006 2298 gravo
1025 2247 1130 2284 virus

177 2312 403 2350 Munditiae
422 2312 628 2363 pepulere,
657 2311 721 2348 sed
744 2311 782 2347 in
805 2311 963 2358 longum
985 2313 1116 2345 taum-n
1137 2318 1277 2343 aevum

177 2374 418 2412 Manserunt
437 2374 626 2424 hodieque
646 2375 812 2410 manent
833 2370 997 2422 vestigia
1017 2369 1128 2406 ruris.

1454 172 1503 210 53

1432 534 1504 570 130

1431 1152 1500 1186 140

1429 1765 1499 1803 150

1427 2368 1498 2403 100
