<?xml version="1.0" encoding="UTF-8"?>
<!DOCTYPE html PUBLIC "-//W3C//DTD XHTML 1.0 Transitional//EN"
    "http://www.w3.org/TR/xhtml1/DTD/xhtml1-transitional.dtd">
<html xmlns="http://www.w3.org/1999/xhtml" xml:lang="en" lang="en">
 <head>
  <title>
</title>
<meta http-equiv="Content-Type" content="text/html;charset=utf-8" />
  <meta name='ocr-system' content='tesseract 3.04.00' />
  <meta name='ocr-capabilities' content='ocr_page ocr_carea ocr_par ocr_line ocrx_word'/>
</head>
<body>
  <div class='ocr_page' id='page_1' title='image "./epistles00horauoft_0024.png"; bbox 0 0 1701 2605; ppageno 0'>
   <div class='ocr_carea' id='block_1_1' title="bbox 204 157 1517 213">
    <p class='ocr_par' dir='ltr' id='par_1_1' title="bbox 204 157 1517 213">
     <span class='ocr_line' id='line_1_1' title="bbox 204 157 1517 213; baseline -0.013 0"><span class='ocrx_word' id='word_1_1' title='bbox 204 175 255 213; x_wconf 87' lang='lat'>20</span> <span class='ocrx_word' id='word_1_2' title='bbox 781 176 949 204; x_wconf 66' lang='lat' dir='ltr'>nomon.</span> <span class='ocrx_word' id='word_1_3' title='bbox 1394 157 1452 210; x_wconf 90' lang='lat'>[1.,</span> <span class='ocrx_word' id='word_1_4' title='bbox 1473 168 1517 196; x_wconf 86' lang='lat'>11.</span> 
     </span>
    </p>
   </div>
   <div class='ocr_carea' id='block_1_2' title="bbox 206 265 1531 1370">
    <p class='ocr_par' dir='ltr' id='par_1_2' title="bbox 206 265 1216 327">
     <span class='ocr_line' id='line_1_2' title="bbox 206 265 1216 327; baseline -0.014 -11"><span class='ocrx_word' id='word_1_5' title='bbox 206 277 307 323; x_wconf 83' lang='lat' dir='ltr'><strong>Quid</strong></span> <span class='ocrx_word' id='word_1_6' title='bbox 326 276 504 327; x_wconf 72' lang='lat' dir='ltr'>pauper?</span> <span class='ocrx_word' id='word_1_7' title='bbox 560 272 662 312; x_wconf 83' lang='lat' dir='ltr'>Ride</span> <span class='ocrx_word' id='word_1_8' title='bbox 678 284 686 310; x_wconf 89' lang='lat'>:</span> <span class='ocrx_word' id='word_1_9' title='bbox 715 273 849 309; x_wconf 88' lang='lat' dir='ltr'>mutat</span> <span class='ocrx_word' id='word_1_10' title='bbox 865 267 1062 314; x_wconf 83' lang='lat' dir='ltr'>cenacula,</span> <span class='ocrx_word' id='word_1_11' title='bbox 1081 265 1216 313; x_wconf 79' lang='lat' dir='ltr'>lectos,</span> 
     </span>
    </p>

    <p class='ocr_par' dir='ltr' id='par_1_3' title="bbox 207 330 1101 385">
     <span class='ocr_line' id='line_1_3' title="bbox 207 330 1101 385; baseline -0.013 -8"><span class='ocrx_word' id='word_1_12' title='bbox 207 339 368 385; x_wconf 80' lang='lat' dir='ltr'>Balnea,</span> <span class='ocrx_word' id='word_1_13' title='bbox 387 341 575 382; x_wconf 87' lang='lat' dir='ltr'>tonsores,</span> <span class='ocrx_word' id='word_1_14' title='bbox 594 332 784 372; x_wconf 88' lang='lat' dir='ltr'>conducto</span> <span class='ocrx_word' id='word_1_15' title='bbox 801 330 959 380; x_wconf 84' lang='lat' dir='ltr'>navigio</span> <span class='ocrx_word' id='word_1_16' title='bbox 978 340 1101 379; x_wconf 89' lang='lat' dir='ltr'>aeque</span> 
     </span>
    </p>

    <p class='ocr_par' dir='ltr' id='par_1_4' title="bbox 206 387 1247 446">
     <span class='ocr_line' id='line_1_4' title="bbox 206 387 1247 446; baseline -0.013 -8"><span class='ocrx_word' id='word_1_17' title='bbox 206 401 248 438; x_wconf 83' lang='lat' dir='ltr'>N</span> <span class='ocrx_word' id='word_1_18' title='bbox 249 402 389 437; x_wconf 90' lang='lat' dir='ltr'>auseat</span> <span class='ocrx_word' id='word_1_19' title='bbox 407 410 451 436; x_wconf 83' lang='lat' dir='ltr'>ac</span> <span class='ocrx_word' id='word_1_20' title='bbox 467 396 651 446; x_wconf 83' lang='lat' dir='ltr'>locuples,</span> <span class='ocrx_word' id='word_1_21' title='bbox 670 406 788 444; x_wconf 91' lang='lat' dir='ltr'>quem</span> <span class='ocrx_word' id='word_1_22' title='bbox 807 391 914 430; x_wconf 91' lang='lat' dir='ltr'>ducit</span> <span class='ocrx_word' id='word_1_23' title='bbox 933 391 1046 441; x_wconf 85' lang='lat' dir='ltr'>priva</span> <span class='ocrx_word' id='word_1_24' title='bbox 1063 387 1247 426; x_wconf 78' lang='lat' dir='ltr'>triremis,</span> 
     </span>
    </p>

    <p class='ocr_par' dir='ltr' id='par_1_5' title="bbox 209 452 998 507">
     <span class='ocr_line' id='line_1_5' title="bbox 209 452 998 507; baseline -0.013 -8"><span class='ocrx_word' id='word_1_25' title='bbox 209 462 251 499; x_wconf 74' lang='lat' dir='ltr'>Si</span> <span class='ocrx_word' id='word_1_26' title='bbox 267 463 430 498; x_wconf 86' lang='lat' dir='ltr'>curatus</span> <span class='ocrx_word' id='word_1_27' title='bbox 448 456 647 507; x_wconf 82' lang='lat' dir='ltr'>inaequali</span> <span class='ocrx_word' id='word_1_28' title='bbox 664 459 821 492; x_wconf 87' lang='lat' dir='ltr'>tonsore</span> <span class='ocrx_word' id='word_1_29' title='bbox 838 452 998 503; x_wconf 81' lang='lat' dir='ltr'>capillos</span> 
     </span>
    </p>

    <p class='ocr_par' dir='ltr' id='par_1_6' title="bbox 209 514 1524 626">
     <span class='ocr_line' id='line_1_6' title="bbox 211 514 1524 568; baseline -0.014 -7"><span class='ocrx_word' id='word_1_30' title='bbox 211 521 383 568; x_wconf 88' lang='lat' dir='ltr'>Occurri,</span> <span class='ocrx_word' id='word_1_31' title='bbox 402 519 527 567; x_wconf 78' lang='lat' dir='ltr'>rides3</span> <span class='ocrx_word' id='word_1_32' title='bbox 556 519 589 556; x_wconf 86' lang='lat' dir='ltr'>si</span> <span class='ocrx_word' id='word_1_33' title='bbox 607 517 710 555; x_wconf 81' lang='lat' dir='ltr'>forte</span> <span class='ocrx_word' id='word_1_34' title='bbox 728 514 921 553; x_wconf 90' lang='lat' dir='ltr'>subucula</span> <span class='ocrx_word' id='word_1_35' title='bbox 939 525 1062 563; x_wconf 80' lang='lat' dir='ltr'>pexae</span> <span class='ocrx_word' id='word_1_36' title='bbox 1476 515 1524 557; x_wconf 87' lang='lat'>95</span> 
     </span>
     <span class='ocr_line' id='line_1_7' title="bbox 209 573 1232 626; baseline -0.014 -4"><span class='ocrx_word' id='word_1_37' title='bbox 209 584 320 622; x_wconf 86' lang='lat' dir='ltr'>Trita</span> <span class='ocrx_word' id='word_1_38' title='bbox 337 582 472 621; x_wconf 88' lang='lat' dir='ltr'>subest</span> <span class='ocrx_word' id='word_1_39' title='bbox 489 580 659 625; x_wconf 85' lang='lat' dir='ltr'>tunicae,</span> <span class='ocrx_word' id='word_1_40' title='bbox 680 577 742 615; x_wconf 91' lang='lat' dir='ltr'>vel</span> <span class='ocrx_word' id='word_1_41' title='bbox 760 577 794 614; x_wconf 91' lang='lat' dir='ltr'>si</span> <span class='ocrx_word' id='word_1_42' title='bbox 812 580 907 626; x_wconf 88' lang='lat' dir='ltr'>toga</span> <span class='ocrx_word' id='word_1_43' title='bbox 925 573 1085 612; x_wconf 87' lang='lat' dir='ltr'>dissidet</span> <span class='ocrx_word' id='word_1_44' title='bbox 1103 573 1232 622; x_wconf 86' lang='lat' dir='ltr'>inpar,</span> 
     </span>
    </p>

    <p class='ocr_par' dir='ltr' id='par_1_7' title="bbox 210 635 1272 693">
     <span class='ocr_line' id='line_1_8' title="bbox 210 635 1272 693; baseline -0.013 -10"><span class='ocrx_word' id='word_1_45' title='bbox 210 645 351 683; x_wconf 83' lang='lat' dir='ltr'>Rides:</span> <span class='ocrx_word' id='word_1_46' title='bbox 379 642 499 693; x_wconf 65' lang='lat' dir='ltr'>quid?</span> <span class='ocrx_word' id='word_1_47' title='bbox 528 654 616 679; x_wconf 90' lang='lat' dir='ltr'>mea</span> <span class='ocrx_word' id='word_1_48' title='bbox 635 653 723 678; x_wconf 91' lang='lat' dir='ltr'>cum</span> <span class='ocrx_word' id='word_1_49' title='bbox 742 641 895 689; x_wconf 85' lang='lat' dir='ltr'>pugnat</span> <span class='ocrx_word' id='word_1_50' title='bbox 914 635 1111 675; x_wconf 89' lang='lat' dir='ltr'>sententia</span> <span class='ocrx_word' id='word_1_51' title='bbox 1129 645 1272 679; x_wconf 89' lang='lat' dir='ltr'>secum,</span> 
     </span>
    </p>

    <p class='ocr_par' dir='ltr' id='par_1_8' title="bbox 210 695 1236 756">
     <span class='ocr_line' id='line_1_9' title="bbox 210 695 1236 756; baseline -0.014 -11"><span class='ocrx_word' id='word_1_52' title='bbox 210 706 323 753; x_wconf 80' lang='lat' dir='ltr'>Quod</span> <span class='ocrx_word' id='word_1_53' title='bbox 341 705 458 756; x_wconf 88' lang='lat' dir='ltr'>petiit</span> <span class='ocrx_word' id='word_1_54' title='bbox 475 702 638 754; x_wconf 88' lang='lat' dir='ltr'>spernit,</span> <span class='ocrx_word' id='word_1_55' title='bbox 658 701 804 751; x_wconf 89' lang='lat' dir='ltr'>repetit</span> <span class='ocrx_word' id='word_1_56' title='bbox 823 698 926 749; x_wconf 89' lang='lat' dir='ltr'>quod</span> <span class='ocrx_word' id='word_1_57' title='bbox 946 709 1073 748; x_wconf 89' lang='lat' dir='ltr'>nuper</span> <span class='ocrx_word' id='word_1_58' title='bbox 1091 695 1236 742; x_wconf 88' lang='lat' dir='ltr'>omisit,</span> 
     </span>
    </p>

    <p class='ocr_par' dir='ltr' id='par_1_9' title="bbox 210 759 1097 807">
     <span class='ocr_line' id='line_1_10' title="bbox 210 759 1097 807; baseline -0.014 -1"><span class='ocrx_word' id='word_1_59' title='bbox 210 770 383 807; x_wconf 87' lang='lat' dir='ltr'>Aestuat</span> <span class='ocrx_word' id='word_1_60' title='bbox 400 769 442 803; x_wconf 90' lang='lat' dir='ltr'>et</span> <span class='ocrx_word' id='word_1_61' title='bbox 460 765 568 802; x_wconf 84' lang='lat' dir='ltr'>vitae</span> <span class='ocrx_word' id='word_1_62' title='bbox 586 761 830 801; x_wconf 86' lang='lat' dir='ltr'>disconvenit</span> <span class='ocrx_word' id='word_1_63' title='bbox 847 759 983 797; x_wconf 87' lang='lat' dir='ltr'>ordine</span> <span class='ocrx_word' id='word_1_64' title='bbox 1001 762 1097 804; x_wconf 89' lang='lat' dir='ltr'>toto,</span> 
     </span>
    </p>

    <p class='ocr_par' dir='ltr' id='par_1_10' title="bbox 213 819 1531 939">
     <span class='ocr_line' id='line_1_11' title="bbox 213 819 1531 876; baseline -0.012 -9"><span class='ocrx_word' id='word_1_65' title='bbox 213 829 362 876; x_wconf 89' lang='lat' dir='ltr'>Diruit,</span> <span class='ocrx_word' id='word_1_66' title='bbox 382 826 575 873; x_wconf 89' lang='lat' dir='ltr'>aedificat,</span> <span class='ocrx_word' id='word_1_67' title='bbox 595 828 728 862; x_wconf 90' lang='lat' dir='ltr'>mutat</span> <span class='ocrx_word' id='word_1_68' title='bbox 746 823 943 874; x_wconf 86' lang='lat' dir='ltr'>quadrata</span> <span class='ocrx_word' id='word_1_69' title='bbox 961 819 1141 858; x_wconf 86' lang='lat' dir='ltr'>rotundis</span> <span class='ocrx_word' id='word_1_70' title='bbox 1151 832 1166 868; x_wconf 90' lang='lat'>;</span> <span class='ocrx_word' id='word_1_71' title='bbox 1459 828 1531 853; x_wconf 91' lang='lat'>100</span> 
     </span>
     <span class='ocr_line' id='line_1_12' title="bbox 214 881 1108 939; baseline -0.013 -10"><span class='ocrx_word' id='word_1_72' title='bbox 214 889 397 929; x_wconf 86' lang='lat' dir='ltr'>Insanire</span> <span class='ocrx_word' id='word_1_73' title='bbox 414 893 532 939; x_wconf 86' lang='lat' dir='ltr'>putas</span> <span class='ocrx_word' id='word_1_74' title='bbox 551 885 753 924; x_wconf 85' lang='lat' dir='ltr'>sollemnia</span> <span class='ocrx_word' id='word_1_75' title='bbox 771 897 833 922; x_wconf 90' lang='lat' dir='ltr'>me</span> <span class='ocrx_word' id='word_1_76' title='bbox 851 895 979 933; x_wconf 89' lang='lat' dir='ltr'>neque</span> <span class='ocrx_word' id='word_1_77' title='bbox 996 881 1108 927; x_wconf 88' lang='lat' dir='ltr'>rides,</span> 
     </span>
    </p>

    <p class='ocr_par' dir='ltr' id='par_1_11' title="bbox 213 946 1032 994">
     <span class='ocr_line' id='line_1_13' title="bbox 213 946 1032 994; baseline -0.012 -4"><span class='ocrx_word' id='word_1_78' title='bbox 213 953 298 990; x_wconf 87' lang='lat' dir='ltr'>Nec</span> <span class='ocrx_word' id='word_1_79' title='bbox 316 950 456 989; x_wconf 91' lang='lat' dir='ltr'>medici</span> <span class='ocrx_word' id='word_1_80' title='bbox 474 949 598 987; x_wconf 89' lang='lat' dir='ltr'>credis</span> <span class='ocrx_word' id='word_1_81' title='bbox 616 961 689 985; x_wconf 90' lang='lat' dir='ltr'>nec</span> <span class='ocrx_word' id='word_1_82' title='bbox 705 946 901 984; x_wconf 87' lang='lat' dir='ltr'>curatoris</span> <span class='ocrx_word' id='word_1_83' title='bbox 919 956 1032 994; x_wconf 83' lang='lat' dir='ltr'>egere</span> 
     </span>
    </p>

    <p class='ocr_par' dir='ltr' id='par_1_12' title="bbox 214 1008 1069 1064">
     <span class='ocr_line' id='line_1_14' title="bbox 214 1008 1069 1064; baseline -0.011 -13"><span class='ocrx_word' id='word_1_84' title='bbox 214 1016 256 1052; x_wconf 90' lang='lat' dir='ltr'>A</span> <span class='ocrx_word' id='word_1_85' title='bbox 273 1016 455 1064; x_wconf 88' lang='lat' dir='ltr'>praetore</span> <span class='ocrx_word' id='word_1_86' title='bbox 474 1011 571 1059; x_wconf 84' lang='lat' dir='ltr'>dati,</span> <span class='ocrx_word' id='word_1_87' title='bbox 590 1022 724 1048; x_wconf 89' lang='lat' dir='ltr'>rerum</span> <span class='ocrx_word' id='word_1_88' title='bbox 743 1008 873 1046; x_wconf 91' lang='lat' dir='ltr'>tutela</span> <span class='ocrx_word' id='word_1_89' title='bbox 891 1018 1069 1043; x_wconf 90' lang='lat' dir='ltr'>mearum</span> 
     </span>
    </p>

    <p class='ocr_par' dir='ltr' id='par_1_13' title="bbox 216 1067 1289 1123">
     <span class='ocr_line' id='line_1_15' title="bbox 216 1067 1289 1123; baseline -0.011 -10"><span class='ocrx_word' id='word_1_90' title='bbox 216 1076 317 1114; x_wconf 89' lang='lat' dir='ltr'>Cum</span> <span class='ocrx_word' id='word_1_91' title='bbox 335 1075 387 1112; x_wconf 89' lang='lat' dir='ltr'>sis</span> <span class='ocrx_word' id='word_1_92' title='bbox 404 1077 446 1111; x_wconf 90' lang='lat' dir='ltr'>et</span> <span class='ocrx_word' id='word_1_93' title='bbox 465 1085 586 1123; x_wconf 90' lang='lat' dir='ltr'>prave</span> <span class='ocrx_word' id='word_1_94' title='bbox 603 1074 755 1109; x_wconf 88' lang='lat' dir='ltr'>sectum</span> <span class='ocrx_word' id='word_1_95' title='bbox 774 1068 1029 1107; x_wconf 71' lang='lat' dir='ltr'>stomacheris</span> <span class='ocrx_word' id='word_1_96' title='bbox 1047 1067 1096 1105; x_wconf 94' lang='lat' dir='ltr'>ob</span> <span class='ocrx_word' id='word_1_97' title='bbox 1115 1077 1289 1115; x_wconf 86' lang='lat' dir='ltr'>unguem</span> 
     </span>
    </p>

    <p class='ocr_par' dir='ltr' id='par_1_14' title="bbox 216 1128 1531 1244">
     <span class='ocr_line' id='line_1_16' title="bbox 216 1128 1531 1185; baseline -0.013 -10"><span class='ocrx_word' id='word_1_98' title='bbox 216 1138 279 1175; x_wconf 90' lang='lat' dir='ltr'>De</span> <span class='ocrx_word' id='word_1_99' title='bbox 295 1140 337 1174; x_wconf 90' lang='lat' dir='ltr'>te</span> <span class='ocrx_word' id='word_1_100' title='bbox 355 1134 574 1185; x_wconf 89' lang='lat' dir='ltr'>pendentis,</span> <span class='ocrx_word' id='word_1_101' title='bbox 593 1137 634 1171; x_wconf 85' lang='lat' dir='ltr'>te</span> <span class='ocrx_word' id='word_1_102' title='bbox 652 1130 895 1182; x_wconf 87' lang='lat' dir='ltr'>respicientis</span> <span class='ocrx_word' id='word_1_103' title='bbox 911 1128 1054 1167; x_wconf 69' lang='lat' dir='ltr'>amici?</span> <span class='ocrx_word' id='word_1_104' title='bbox 1461 1131 1531 1170; x_wconf 89' lang='lat'>105</span> 
     </span>
     <span class='ocr_line' id='line_1_17' title="bbox 218 1187 1291 1244; baseline -0.012 -8"><span class='ocrx_word' id='word_1_105' title='bbox 218 1198 285 1236; x_wconf 90' lang='lat' dir='ltr'>Ad</span> <span class='ocrx_word' id='word_1_106' title='bbox 303 1208 496 1235; x_wconf 85' lang='lat' dir='ltr'>summam</span> <span class='ocrx_word' id='word_1_107' title='bbox 512 1207 520 1232; x_wconf 74' lang='grc' dir='ltr'><strong>ε</strong></span> <span class='ocrx_word' id='word_1_108' title='bbox 550 1194 706 1244; x_wconf 88' lang='lat' dir='ltr'>sapiens</span> <span class='ocrx_word' id='word_1_109' title='bbox 723 1206 802 1230; x_wconf 91' lang='lat' dir='ltr'>uno</span> <span class='ocrx_word' id='word_1_110' title='bbox 821 1192 950 1230; x_wconf 92' lang='lat' dir='ltr'>minor</span> <span class='ocrx_word' id='word_1_111' title='bbox 968 1194 1028 1228; x_wconf 90' lang='lat' dir='ltr'>est</span> <span class='ocrx_word' id='word_1_112' title='bbox 1045 1189 1152 1235; x_wconf 90' lang='lat' dir='ltr'>Iove,</span> <span class='ocrx_word' id='word_1_113' title='bbox 1172 1187 1291 1234; x_wconf 88' lang='lat' dir='ltr'>dives,</span> 
     </span>
    </p>

    <p class='ocr_par' dir='ltr' id='par_1_15' title="bbox 218 1253 1237 1306">
     <span class='ocr_line' id='line_1_18' title="bbox 218 1253 1237 1306; baseline -0.012 -8"><span class='ocrx_word' id='word_1_114' title='bbox 218 1260 349 1306; x_wconf 89' lang='lat' dir='ltr'>Liber,</span> <span class='ocrx_word' id='word_1_115' title='bbox 368 1259 597 1304; x_wconf 83' lang='lat' dir='ltr'>honoratus,</span> <span class='ocrx_word' id='word_1_116' title='bbox 617 1254 792 1306; x_wconf 89' lang='lat' dir='ltr'>pulcher,</span> <span class='ocrx_word' id='word_1_117' title='bbox 812 1266 884 1291; x_wconf 83' lang='lat' dir='ltr'>rex</span> <span class='ocrx_word' id='word_1_118' title='bbox 901 1253 1069 1301; x_wconf 88' lang='lat' dir='ltr'>denique</span> <span class='ocrx_word' id='word_1_119' title='bbox 1086 1262 1237 1299; x_wconf 88' lang='lat' dir='ltr'>regum,</span> 
     </span>
    </p>

    <p class='ocr_par' dir='ltr' id='par_1_16' title="bbox 219 1313 1186 1370">
     <span class='ocr_line' id='line_1_19' title="bbox 219 1313 1186 1370; baseline -0.009 -12"><span class='ocrx_word' id='word_1_120' title='bbox 219 1320 435 1370; x_wconf 87' lang='lat' dir='ltr'>Praecipue</span> <span class='ocrx_word' id='word_1_121' title='bbox 452 1330 584 1366; x_wconf 84' lang='lat' dir='ltr'>sanus,</span> <span class='ocrx_word' id='word_1_122' title='bbox 602 1317 680 1354; x_wconf 87' lang='lat' dir='ltr'>nisi</span> <span class='ocrx_word' id='word_1_123' title='bbox 696 1329 786 1354; x_wconf 89' lang='lat' dir='ltr'>cum</span> <span class='ocrx_word' id='word_1_124' title='bbox 806 1315 953 1365; x_wconf 85' lang='lat' dir='ltr'>pituita</span> <span class='ocrx_word' id='word_1_125' title='bbox 971 1313 1186 1351; x_wconf 87' lang='lat' dir='ltr'>molestast.</span> 
     </span>
    </p>
   </div>
   <div class='ocr_carea' id='block_1_3' title="bbox 747 1443 1013 1453">
    <p class='ocr_par' dir='ltr' id='par_1_17' title="bbox 747 1443 1013 1453">
     <span class='ocr_line' id='line_1_20' title="bbox 747 1443 1013 1453; baseline 0 1152"><span class='ocrx_word' id='word_1_126' title='bbox 747 1443 1013 1453; x_wconf 95' lang='lat' dir='ltr'> </span> 
     </span>
    </p>
   </div>
   <div class='ocr_carea' id='block_1_4' title="bbox 849 1536 906 1573">
    <p class='ocr_par' dir='ltr' id='par_1_18' title="bbox 849 1536 906 1573">
     <span class='ocr_line' id='line_1_21' title="bbox 849 1536 906 1573; baseline 0.018 -1"><span class='ocrx_word' id='word_1_127' title='bbox 849 1536 906 1573; x_wconf 90' lang='lat' dir='ltr'>II.</span> 
     </span>
    </p>
   </div>
   <div class='ocr_carea' id='block_1_5' title="bbox 225 1612 1553 2398">
    <p class='ocr_par' dir='ltr' id='par_1_19' title="bbox 225 1612 1103 1667">
     <span class='ocr_line' id='line_1_22' title="bbox 225 1612 1103 1667; baseline -0.009 -10"><span class='ocrx_word' id='word_1_128' title='bbox 225 1620 399 1657; x_wconf 63' lang='lat' dir='ltr'>Taomm</span> <span class='ocrx_word' id='word_1_129' title='bbox 418 1618 509 1655; x_wconf 93' lang='lat' dir='ltr'>belli</span> <span class='ocrx_word' id='word_1_130' title='bbox 528 1618 771 1667; x_wconf 87' lang='lat' dir='ltr'>scriptorem,</span> <span class='ocrx_word' id='word_1_131' title='bbox 792 1614 971 1652; x_wconf 84' lang='lat' dir='ltr'>Maxime</span> <span class='ocrx_word' id='word_1_132' title='bbox 991 1612 1103 1659; x_wconf 90' lang='lat' dir='ltr'>Lolli,</span> 
     </span>
    </p>

    <p class='ocr_par' dir='ltr' id='par_1_20' title="bbox 227 1672 1184 1724">
     <span class='ocr_line' id='line_1_23' title="bbox 227 1672 1184 1724; baseline -0.008 -6"><span class='ocrx_word' id='word_1_133' title='bbox 227 1682 334 1719; x_wconf 90' lang='lat' dir='ltr'>Dum</span> <span class='ocrx_word' id='word_1_134' title='bbox 352 1685 400 1718; x_wconf 89' lang='lat' dir='ltr'>tu</span> <span class='ocrx_word' id='word_1_135' title='bbox 418 1680 616 1717; x_wconf 89' lang='lat' dir='ltr'>declamas</span> <span class='ocrx_word' id='word_1_136' title='bbox 635 1679 796 1724; x_wconf 87' lang='lat' dir='ltr'>Romae,</span> <span class='ocrx_word' id='word_1_137' title='bbox 816 1677 1032 1714; x_wconf 88' lang='lat' dir='ltr'>Praeneste</span> <span class='ocrx_word' id='word_1_138' title='bbox 1051 1672 1184 1723; x_wconf 86' lang='lat' dir='ltr'>relegi,</span> 
     </span>
    </p>

    <p class='ocr_par' dir='ltr' id='par_1_21' title="bbox 227 1731 1466 1850">
     <span class='ocr_line' id='line_1_24' title="bbox 227 1731 1466 1792; baseline -0.01 -12"><span class='ocrx_word' id='word_1_139' title='bbox 227 1742 315 1789; x_wconf 81' lang='lat' dir='ltr'>Qui,</span> <span class='ocrx_word' id='word_1_140' title='bbox 335 1741 430 1792; x_wconf 87' lang='lat' dir='ltr'>quid</span> <span class='ocrx_word' id='word_1_141' title='bbox 447 1742 501 1779; x_wconf 87' lang='lat' dir='ltr'>sit</span> <span class='ocrx_word' id='word_1_142' title='bbox 519 1740 741 1791; x_wconf 89' lang='lat' dir='ltr'>pulchrum,</span> <span class='ocrx_word' id='word_1_143' title='bbox 761 1738 856 1788; x_wconf 89' lang='lat' dir='ltr'>quid</span> <span class='ocrx_word' id='word_1_144' title='bbox 872 1742 1002 1787; x_wconf 84' lang='lat' dir='ltr'>turpe,</span> <span class='ocrx_word' id='word_1_145' title='bbox 1022 1735 1115 1785; x_wconf 87' lang='lat' dir='ltr'>quid</span> <span class='ocrx_word' id='word_1_146' title='bbox 1135 1734 1242 1781; x_wconf 89' lang='lat' dir='ltr'>utile,</span> <span class='ocrx_word' id='word_1_147' title='bbox 1264 1731 1356 1782; x_wconf 89' lang='lat' dir='ltr'>quid</span> <span class='ocrx_word' id='word_1_148' title='bbox 1375 1743 1466 1777; x_wconf 89' lang='lat' dir='ltr'>non,</span> 
     </span>
     <span class='ocr_line' id='line_1_25' title="bbox 228 1795 1246 1850; baseline -0.01 -9"><span class='ocrx_word' id='word_1_149' title='bbox 228 1803 394 1841; x_wconf 88' lang='lat' dir='ltr'>Planius</span> <span class='ocrx_word' id='word_1_150' title='bbox 412 1816 459 1840; x_wconf 91' lang='lat' dir='ltr'>ac</span> <span class='ocrx_word' id='word_1_151' title='bbox 477 1803 616 1840; x_wconf 90' lang='lat' dir='ltr'>melius</span> <span class='ocrx_word' id='word_1_152' title='bbox 635 1800 854 1850; x_wconf 82' lang='lat' dir='ltr'>Chrysippo</span> <span class='ocrx_word' id='word_1_153' title='bbox 872 1804 913 1836; x_wconf 93' lang='lat' dir='ltr'>et</span> <span class='ocrx_word' id='word_1_154' title='bbox 932 1798 1123 1835; x_wconf 80' lang='lat' dir='ltr'>Crantore</span> <span class='ocrx_word' id='word_1_155' title='bbox 1142 1795 1246 1832; x_wconf 85' lang='lat' dir='ltr'>dicit.</span> 
     </span>
    </p>

    <p class='ocr_par' dir='ltr' id='par_1_22' title="bbox 230 1855 1544 1974">
     <span class='ocr_line' id='line_1_26' title="bbox 230 1855 1544 1911; baseline -0.01 -9"><span class='ocrx_word' id='word_1_156' title='bbox 230 1865 311 1903; x_wconf 92' lang='lat' dir='ltr'>Cur</span> <span class='ocrx_word' id='word_1_157' title='bbox 327 1865 387 1901; x_wconf 88' lang='lat' dir='ltr'>ita</span> <span class='ocrx_word' id='word_1_158' title='bbox 404 1863 644 1909; x_wconf 86' lang='lat' dir='ltr'>crediderim,</span> <span class='ocrx_word' id='word_1_159' title='bbox 664 1861 742 1899; x_wconf 91' lang='lat' dir='ltr'>nisi</span> <span class='ocrx_word' id='word_1_160' title='bbox 760 1861 856 1911; x_wconf 87' lang='lat' dir='ltr'>quid</span> <span class='ocrx_word' id='word_1_161' title='bbox 876 1861 917 1897; x_wconf 89' lang='lat' dir='ltr'>te</span> <span class='ocrx_word' id='word_1_162' title='bbox 936 1857 1116 1900; x_wconf 69' lang='lat' dir='ltr'>distinet,</span> <span class='ocrx_word' id='word_1_163' title='bbox 1137 1855 1243 1894; x_wconf 88' lang='lat' dir='ltr'>audi.</span> <span class='ocrx_word' id='word_1_164' title='bbox 1525 1864 1544 1901; x_wconf 88' lang='lat'><strong>5</strong></span> 
     </span>
     <span class='ocr_line' id='line_1_27' title="bbox 232 1923 1249 1974; baseline -0.01 -11"><span class='ocrx_word' id='word_1_165' title='bbox 232 1925 396 1971; x_wconf 87' lang='lat' dir='ltr'>Fabula,</span> <span class='ocrx_word' id='word_1_166' title='bbox 415 1938 496 1974; x_wconf 90' lang='lat' dir='ltr'>qua</span> <span class='ocrx_word' id='word_1_167' title='bbox 514 1923 671 1962; x_wconf 85' lang='lat' dir='ltr'>Paridis</span> <span class='ocrx_word' id='word_1_168' title='bbox 688 1926 849 1972; x_wconf 90' lang='lat' dir='ltr'>propter</span> <span class='ocrx_word' id='word_1_169' title='bbox 868 1923 1057 1957; x_wconf 87' lang='lat' dir='ltr'>narratur</span> <span class='ocrx_word' id='word_1_170' title='bbox 1077 1930 1249 1956; x_wconf 89' lang='lat' dir='ltr'>amorem</span> 
     </span>
    </p>

    <p class='ocr_par' dir='ltr' id='par_1_23' title="bbox 232 1981 1062 2027">
     <span class='ocr_line' id='line_1_28' title="bbox 232 1981 1062 2027; baseline -0.01 -2"><span class='ocrx_word' id='word_1_171' title='bbox 232 1987 398 2025; x_wconf 80' lang='lat' dir='ltr'>Graecia</span> <span class='ocrx_word' id='word_1_172' title='bbox 417 1985 626 2023; x_wconf 88' lang='lat' dir='ltr'>barbariae</span> <span class='ocrx_word' id='word_1_173' title='bbox 644 1984 753 2022; x_wconf 89' lang='lat' dir='ltr'>lento</span> <span class='ocrx_word' id='word_1_174' title='bbox 771 1983 904 2021; x_wconf 87' lang='lat' dir='ltr'>collisa</span> <span class='ocrx_word' id='word_1_175' title='bbox 923 1981 1062 2027; x_wconf 88' lang='lat' dir='ltr'>duello,</span> 
     </span>
    </p>

    <p class='ocr_par' dir='ltr' id='par_1_24' title="bbox 235 2041 1271 2096">
     <span class='ocr_line' id='line_1_29' title="bbox 235 2041 1271 2096; baseline -0.01 -10"><span class='ocrx_word' id='word_1_176' title='bbox 235 2047 455 2086; x_wconf 82' lang='lat' dir='ltr'>Stultorum</span> <span class='ocrx_word' id='word_1_177' title='bbox 469 2059 607 2096; x_wconf 86' lang='lat' dir='ltr'>regum</span> <span class='ocrx_word' id='word_1_178' title='bbox 626 2050 667 2083; x_wconf 92' lang='lat' dir='ltr'>et</span> <span class='ocrx_word' id='word_1_179' title='bbox 685 2044 917 2095; x_wconf 89' lang='lat' dir='ltr'>populorum</span> <span class='ocrx_word' id='word_1_180' title='bbox 935 2041 1111 2080; x_wconf 91' lang='lat' dir='ltr'>continet</span> <span class='ocrx_word' id='word_1_181' title='bbox 1130 2043 1271 2079; x_wconf 86' lang='lat' dir='ltr'>aestus.</span> 
     </span>
    </p>

    <p class='ocr_par' dir='ltr' id='par_1_25' title="bbox 234 2104 1118 2155">
     <span class='ocr_line' id='line_1_30' title="bbox 234 2104 1118 2155; baseline -0.009 -9"><span class='ocrx_word' id='word_1_182' title='bbox 234 2110 418 2147; x_wconf 89' lang='lat' dir='ltr'>Antenor</span> <span class='ocrx_word' id='word_1_183' title='bbox 435 2111 565 2145; x_wconf 88' lang='lat' dir='ltr'>censet</span> <span class='ocrx_word' id='word_1_184' title='bbox 584 2106 675 2143; x_wconf 87' lang='lat' dir='ltr'>belli</span> <span class='ocrx_word' id='word_1_185' title='bbox 695 2104 916 2155; x_wconf 89' lang='lat' dir='ltr'>praecidere</span> <span class='ocrx_word' id='word_1_186' title='bbox 934 2114 1094 2140; x_wconf 89' lang='lat' dir='ltr'>causam</span> <span class='ocrx_word' id='word_1_187' title='bbox 1109 2113 1118 2139; x_wconf 89' lang='lat'><strong>:</strong></span> 
     </span>
    </p>

    <p class='ocr_par' dir='ltr' id='par_1_26' title="bbox 235 2162 1553 2280">
     <span class='ocr_line' id='line_1_31' title="bbox 235 2162 1553 2215; baseline -0.01 -8"><span class='ocrx_word' id='word_1_188' title='bbox 235 2169 338 2214; x_wconf 80' lang='lat' dir='ltr'>Quid</span> <span class='ocrx_word' id='word_1_189' title='bbox 355 2168 496 2206; x_wconf 67' lang='lat' dir='ltr'>Paris?</span> <span class='ocrx_word' id='word_1_190' title='bbox 524 2171 571 2204; x_wconf 87' lang='lat' dir='ltr'>ut</span> <span class='ocrx_word' id='word_1_191' title='bbox 590 2167 722 2204; x_wconf 85' lang='lat' dir='ltr'>salvus</span> <span class='ocrx_word' id='word_1_192' title='bbox 739 2168 878 2215; x_wconf 87' lang='lat' dir='ltr'>regnet</span> <span class='ocrx_word' id='word_1_193' title='bbox 897 2164 1085 2213; x_wconf 86' lang='lat' dir='ltr'>vivatque</span> <span class='ocrx_word' id='word_1_194' title='bbox 1102 2162 1254 2207; x_wconf 70' lang='lat' dir='ltr'>beatus,</span> <span class='ocrx_word' id='word_1_195' title='bbox 1506 2170 1553 2195; x_wconf 94' lang='lat'>10</span> 
     </span>
     <span class='ocr_line' id='line_1_32' title="bbox 237 2223 1155 2280; baseline -0.01 -12"><span class='ocrx_word' id='word_1_196' title='bbox 237 2230 331 2280; x_wconf 88' lang='lat' dir='ltr'>Cogi</span> <span class='ocrx_word' id='word_1_197' title='bbox 349 2241 459 2280; x_wconf 88' lang='lat' dir='ltr'>posse</span> <span class='ocrx_word' id='word_1_198' title='bbox 476 2232 606 2278; x_wconf 87' lang='lat' dir='ltr'>negat.</span> <span class='ocrx_word' id='word_1_199' title='bbox 663 2228 811 2265; x_wconf 86' lang='lat' dir='ltr'>Nestor</span> <span class='ocrx_word' id='word_1_200' title='bbox 828 2236 1044 2275; x_wconf 88' lang='lat' dir='ltr'>conponere</span> <span class='ocrx_word' id='word_1_201' title='bbox 1062 2223 1155 2260; x_wconf 86' lang='lat' dir='ltr'>lites</span> 
     </span>
    </p>

    <p class='ocr_par' dir='ltr' id='par_1_27' title="bbox 239 2284 1104 2328">
     <span class='ocr_line' id='line_1_33' title="bbox 239 2284 1104 2328; baseline -0.008 0"><span class='ocrx_word' id='word_1_202' title='bbox 239 2291 353 2328; x_wconf 88' lang='lat' dir='ltr'>Inter</span> <span class='ocrx_word' id='word_1_203' title='bbox 372 2289 533 2327; x_wconf 88' lang='lat' dir='ltr'>Peliden</span> <span class='ocrx_word' id='word_1_204' title='bbox 550 2289 720 2326; x_wconf 83' lang='lat' dir='ltr'>festinat</span> <span class='ocrx_word' id='word_1_205' title='bbox 737 2291 779 2324; x_wconf 90' lang='lat' dir='ltr'>et</span> <span class='ocrx_word' id='word_1_206' title='bbox 796 2286 902 2324; x_wconf 88' lang='lat' dir='ltr'>inter</span> <span class='ocrx_word' id='word_1_207' title='bbox 919 2284 1104 2323; x_wconf 87' lang='lat' dir='ltr'>Atriden.</span> 
     </span>
    </p>

    <p class='ocr_par' dir='ltr' id='par_1_28' title="bbox 248 2345 1382 2398">
     <span class='ocr_line' id='line_1_34' title="bbox 248 2345 1382 2398; baseline -0.006 -10"><span class='ocrx_word' id='word_1_208' title='bbox 248 2351 364 2388; x_wconf 79' lang='lat' dir='ltr'>Hunc</span> <span class='ocrx_word' id='word_1_209' title='bbox 382 2363 506 2398; x_wconf 87' lang='lat' dir='ltr'>amor,</span> <span class='ocrx_word' id='word_1_210' title='bbox 522 2350 584 2386; x_wconf 84' lang='lat' dir='ltr'>ira</span> <span class='ocrx_word' id='word_1_211' title='bbox 603 2349 759 2398; x_wconf 89' lang='lat' dir='ltr'>quidem</span> <span class='ocrx_word' id='word_1_212' title='bbox 778 2346 1038 2385; x_wconf 88' lang='lat' dir='ltr'>communiter</span> <span class='ocrx_word' id='word_1_213' title='bbox 1056 2345 1138 2382; x_wconf 90' lang='lat' dir='ltr'>urit</span> <span class='ocrx_word' id='word_1_214' title='bbox 1156 2348 1382 2393; x_wconf 85' lang='lat' dir='ltr'>utrumque.</span> 
     </span>
    </p>
   </div>
  </div>
 </body>
</html>
