1701 2605
684 165 762 190 ARS
792 162 979 190 POETICA.

168 257 401 294 Sermonem
420 255 599 307 patrium
618 254 810 293 ditaverit
827 258 869 293 et
887 267 991 292 nova
1010 267 1145 292 rerum

167 321 345 359 Nomina
363 318 613 372 protulerit?
670 319 806 356 Licuit
828 332 1062 369 semperque
1082 318 1219 356 licebit

169 385 385 436 Signatum
404 387 616 435 praesente
635 386 734 421 nota
753 383 974 434 producere
994 396 1151 420 nomen.

222 450 282 488 Ut
301 449 424 487 silvae
442 448 531 487 folii
545 461 722 505 '‘pronos
741 451 958 485 mutantur
978 447 1019 484 in
1040 460 1180 490 annos,

167 513 309 552 Prima
326 506 493 558 cadunt-J
501 462 570 551 it}
583 513 797 551 verborum
817 516 932 550 vetus
953 512 1093 550 interit
1112 515 1235 556 aetas,

167 579 224 616 Et
244 578 436 616 iuvenum
455 577 539 615 ritu
557 577 704 615 florent
723 577 843 615 modo
863 580 960 614 nata
979 576 1207 627 vigentque.

169 643 375 681 Debemur
394 643 516 681 morti
535 656 608 680 nos
628 645 859 692 nostraque.
919 641 1010 679 Sive
1031 645 1216 691 receptus

171 708 294 746 Terra
313 708 532 758 Neptunus
551 707 698 745 classes
719 706 979 756 aquilonibus
999 709 1118 748 arcet,

169 772 293 823 Regis
313 785 426 824 opus,
449 771 645 809 sterilisve
665 770 782 822 palus
803 770 874 808 diu
893 773 1069 821 aptaque
1089 769 1208 807 remis

170 837 335 875 Vicinas
355 837 476 875 urbes
491 836 565 874 alit
583 839 624 873 et
643 848 763 885 grave
783 835 907 873 sentit
927 838 1122 878 aratrum,

172 901 251 939 Seu
270 914 434 939 cursum
452 901 628 938 mutavit
647 900 835 950 iniquum
854 899 1045 949 frugibus
1065 898 1208 941 amnis,

170 967 327 1004 Doctus
347 966 423 1004 iter
442 965 585 1003 melius
601 982 608 1003 z
638 965 826 1003 mortalia
845 965 955 1002 facta
973 963 1177 1014 peribunt,

171 1031 334 1068 Nedum
354 1043 585 1068 sermonmn
605 1032 685 1067 stet
703 1029 831 1066 honos
850 1033 891 1066 et
911 1027 1043 1078 gratia
1062 1027 1190 1064 vivax.

172 1094 308 1133 Multa
328 1098 588 1133 renascentur
607 1106 711 1144 quae
731 1093 812 1130 iam
831 1093 1016 1136 cecidere,
1038 1092 1262 1141 cadentque

172 1159 285 1206 Quae
303 1172 412 1197 nunc
433 1163 529 1196 sunt
548 1159 590 1195 in
611 1158 760 1195 honore
780 1157 986 1201 vocalmla,
1009 1157 1041 1193 si
1063 1155 1168 1193 volet
1188 1169 1298 1199 usus,

173 1225 304 1272 Quem
323 1237 444 1275 penes
465 1223 680 1261 arbitrium
700 1227 762 1260 est
780 1226 821 1260 et
836 1222 899 1259 ius
918 1226 959 1259 et
979 1235 1121 1259 norma
1140 1220 1340 1270 loquendi.

226 1289 306 1327 Res
327 1292 463 1339 gestae
482 1301 703 1338 regumque
723 1288 954 1337 ducumque
972 1290 1013 1324 et
1032 1285 1168 1323 tristia
1188 1284 1293 1322 bella

173 1354 263 1402 Quo
285 1353 406 1392 scribi
425 1356 591 1404 possent
611 1365 790 1396 numero,
812 1350 1055 1389 monstravit
1076 1351 1290 1388 Homerus.

174 1418 370 1457 Versibus
391 1417 599 1468 impariter
618 1417 767 1454 iunctis
788 1415 1039 1466 querimonia
1058 1415 1247 1465 primum,

176 1483 277 1520 Post
295 1482 418 1520 etiam
439 1481 594 1519 inclusa
612 1485 674 1519 est
693 1481 777 1518 voti
799 1480 1000 1518 sententia
1019 1492 1203 1528 compos;

177 1547 279 1595 Quis
299 1550 436 1585 tamen
456 1546 621 1596 exiguos
641 1545 773 1595 elegos
793 1544 971 1583 emiserit
991 1548 1142 1586 auctor,

174 1611 439 1650 Grammatici
459 1615 616 1648 certant
635 1614 676 1648 et
691 1610 824 1647 adhuc
846 1609 922 1646 sub
943 1608 1071 1645 iudice
1092 1607 1141 1644 lis
1161 1611 1235 1644 est.

175 1675 464 1714 Archilochum
484 1674 647 1725 proprio
667 1673 798 1711 rabies
820 1672 993 1710 armavit
1014 1672 1168 1714 iaml›o;

178 1741 301 1778 Hunc
322 1739 423 1777 socci
443 1752 580 1789 cepere
600 1738 741 1789 pedem
762 1737 1014 1786 grandesque
1034 1735 1233 1776 e‹,›thurni.

177 1803 359 1842 Alternis
375 1807 516 1854 aptum
534 1802 786 1840 sermonibus
806 1805 847 1839 et
866 1800 1081 1851 populares

181 1868 419 1907 Vincentem
439 1867 634 1918 strepitus
649 1871 689 1904 et
709 1870 851 1903 natum
872 1866 990 1902 rebus
1011 1863 1189 1913 agendis.

180 1933 303 1971 Musa
322 1932 434 1971 dedit
454 1932 603 1970 fidibus
624 1931 738 1968 divos
758 1943 982 1981 puerosque
1002 1929 1167 1966 deorum

179 1999 235 2036 Et
254 1997 433 2049 pugilem
452 1997 644 2035 victorem
663 1999 705 2034 et
723 2008 874 2045 equum
894 1994 1112 2032 certamine
1136 1992 1310 2043 primum

179 2063 235 2100 Et
253 2063 445 2099 iuvenum
464 2074 581 2099 curas
601 2064 641 2098 et
663 2060 787 2097 libera
809 2059 901 2096 vina
921 2059 1078 2096 referre..

233 2125 467 2177 Descriptas
488 2138 644 2162 servaro
667 2125 767 2162 vices
788 2136 1035 2174 operumqiw.
1055 2121 1217 2162 colores,

181 2191 265 2229 Cur
283 2203 369 2240 ego,
391 2189 424 2226 si
445 2202 599 2239 nequeo
620 2190 852 2238 ignomque,
873 2191 992 2237 poeta
1030 2185 1215 2222 salutm-'r

180 2255 264 2294 Cur
283 2254 433 2292 nescire
453 2253 608 2304 pudens
629 2265 748 2303 prave
769 2265 890 2302 quam
911 2251 1060 2287 discere
1080 2249 1185 2286 malo
1202 2251 1218 2286 'z‘

236 2318 432 2357 Versibus
452 2317 597 2368 exponi
618 2317 782 2365 tragicis
803 2330 863 2354 res
883 2315 1033 2353 comica
1055 2326 1131 2350 non
1155 2312 1258 2349 volt:

1422 147 1495 189 127

1449 452 1498 483 00

1456 1426 1500 1463 75
