1701 2605
161 164 230 200 1x.,
250 150 306 206 1.]
633 163 824 199 Emsnss,
854 164 960 189 Boox
987 164 1015 190 1.

794 296 872 335 IX.
1120 246 1153 289 s

160 375 389 423 SEPTIMIUS,
412 375 564 423 Claudi,
583 375 773 413 nimirum
791 375 989 426 intellegit)
1008 388 1123 423 unus,

157 437 310 484 Quanti
328 450 391 475 me
410 437 532 475 facias
548 451 556 476 :
586 450 682 482 nam
699 450 787 474 cum
808 442 923 487 rogat>
941 442 982 475 et
1000 450 1112 487 prece
1130 437 1246 487 cogib,

159 499 313 538 Scilicet>
331 502 379 536 ut
396 499 470 536 tibi
488 511 529 536 se
548 498 712 536 laudare
729 502 770 536 eb
789 499 946 536 tradere
964 511 1091 545 coner,

157 560 335 611 Dignum
353 563 486 598 mente
503 560 694 610 domoque
712 560 878 610 legentis
896 560 1061 598 honesta
1079 559 1260 606 Neronis,

157 622 326 660 Munere
343 635 433 660 cum
451 621 567 671 fungi
585 622 775 671 propioris
793 626 924 659 censet
943 622 1071 669 amici,

156 684 259 729 Quid
279 684 421 734 possim
440 683 546 720 videb
565 695 611 720 ac
629 683 741 720 novit:
760 696 822 720 me
840 683 995 721 valdius
1014 683 1109 732 ipso.

156 745 290 782 Multa
307 744 466 794 quidem
484 744 577 791 dixi,
592 757 662 782 cur
680 748 891 781 excusatus
908 744 1058 782 abirem
1073 757 1084 791 ;

155 806 230 845 Sed
248 806 377 854 timui,
397 818 486 843 mea
504 818 554 843 ne
572 806 729 843 finxisse
748 806 902 843 minora
921 810 1096 856 putarer,

154 868 436 906 Dissimulator
454 868 536 918 opis
555 868 746 918 propriae,
766 869 864 906 mihi
882 869 1105 906 commodus
1124 869 1204 907 uni.

155 929 218 967 Sic
235 942 317 980 ego,
337 929 496 967 maioris
514 928 670 979 fugiens
688 930 897 979 opprobria
915 930 1065 979 culpae,

153 992 312 1030 Fr0ntis
335 991 386 1029 ad
406 992 580 1029 urbanae
599 991 778 1029 descendi
797 991 985 1041 praemia.
1043 992 1188 1037 Quodsi

153 1054 387 1104 Depositum
405 1054 545 1090 laudas
563 1054 612 1091 ob
629 1054 744 1091 amici
763 1054 868 1090 iussa
888 1054 1087 1103 pudorem,

155 1115 290 1153 Scribe
309 1115 370 1153 tui
387 1115 515 1165 gregis
534 1114 652 1162 hunc,
673 1118 713 1152 eb
731 1114 875 1152 fortem
894 1115 1006 1152 crede
1025 1115 1261 1164 bonumque.

692 1247 955 1254 ——-—-———-

790 1339 843 1377 X.
1032 1327 1060 1358 ·s

154 1418 286 1456 URBIS
304 1422 524 1456 amatorem
544 1418 712 1456 Fuscum
734 1418 883 1455 salvere
901 1419 1080 1456 iubemus

152 1480 274 1518 Ruris
292 1485 499 1525 amatores,
520 1480 595 1517 hae
613 1481 656 1517 in
684 1492 727 1517 re
745 1480 890 1517 scilicet
909 1493 987 1517 una

152 1541 329 1580 Multum
348 1542 562 1589 dissimiles,
582 1546 626 1579 at
645 1546 776 1579 cetera
795 1555 920 1591 paene
939 1542 1092 1591 gemelli

153 1604 354 1641 Frater-nis
372 1605 515 1642 animis
530 1618 541 1652 3
570 1604 759 1654 quidquid
780 1608 900 1653 neg-ab
918 1605 1032 1650 alter,
1049 1608 1087 1641 et)
1107 1603 1209 1641 alter
1224 1614 1235 1641 ε

151 1665 376 1703 Adnuimus
394 1667 543 1716 pariter
561 1666 686 1703 vetuli
704 1666 864 1715 notique
881 1666 1060 1704 columbi.

150 1727 210 1764 Tu
228 1726 365 1764 nidum
385 1739 527 1774 servas,
547 1740 619 1777 ego
637 1727 754 1764 laudo
772 1727 877 1764 ruris
895 1727 1048 1764 amoeni

152 1789 274 1826 Rivos
292 1792 333 1826 et
350 1801 482 1827 musco
500 1789 719 1826 circumlita
739 1801 833 1825 saxa
851 1801 1074 1837 nemusque.

152 1850 254 1895 Quid
272 1851 456 1900 quaeris?
475 1873 479 1877 -
512 1851 615 1888 Vivo
629 1855 670 1888 eb
689 1863 819 1899 regno,
840 1850 956 1886 simul
974 1850 1050 1887 ista
1071 1849 1209 1899 reliqui

150 1910 260 1956 Quae
279 1924 348 1948 vos
365 1911 415 1948 ad
434 1911 586 1949 caelum
606 1912 753 1949 effertis
771 1924 928 1948 rumore
946 1911 1124 1956 secundo,

149 1971 288 2022 thue
306 1973 519 2010 sacerdotis
536 1972 729 2022 fugit-,ivus
748 1973 826 2010 liba
845 1985 979 2010 recuso
996 1987 1002 2009 :

150 2032 259 2071 Pane
277 2046 370 2084 egeo
388 2034 466 2071 iam
487 2035 648 2071 mellibis
667 2034 815 2084 potiore
835 2034 1039 2083 placentis.

151 2095 296 2133 Vivere
313 2099 484 2133 naturae
501 2095 535 2132 si
553 2095 830 2133 convenienter
849 2098 1013 2145 oportet„

149 2155 436 2206 Ponendaeque
455 2156 568 2194 domo
591 2156 860 2208 quaerendast
891 2169 984 2192 area
1003 2155 1173 2205 primurn
1193 2166 1204 2199 ;

147 2216 356 2255 Novistine
373 2217 499 2255 locum
518 2217 709 2267 potiorem
728 2229 820 2254 rure
839 2217 980 2254 beato?

150 2278 224 2315 Est,
242 2278 310 2316 ubi
328 2278 417 2328 plus
434 2283 599 2328 tepeanb
618 2279 776 2324 hiemes,
800 2278 866 2315 ubi
885 2277 1036 2327 gratior
1055 2289 1153 2313 aura

150 2339 289 2377 Leniat
310 2343 351 2377 eb
370 2339 517 2377 rabiem
538 2339 657 2376 Canis
675 2344 716 2377 et
729 2329 931 2376 momenta
952 2338 1101 2384 Leonis,

1429 155 1474 192 31

1432 946 1477 972 10

1426 1983 1470 2007 10

1423 2285 1465 2323 15
