1701 2605
165 163 263 216 xxm]
639 176 828 211 EPISTLES,
860 178 964 204 BOOK
994 179 1018 204 1.

165 270 240 308 Sed
259 283 404 318 vereor,
425 272 537 310 necui
555 272 603 310 de
621 276 662 310 te
679 272 768 322 plus
786 285 905 322 quam
924 273 999 311 tibi
1017 274 1161 321 eredas,

162 331 274 370 Neve
293 336 406 383 putes
424 333 546 371 alium
573 334 752 383 sapiente
768 334 945 384 bonoque
962 336 1136 383 beatum,

162 394 265 440 Neu,
286 395 319 432 si
337 399 378 432 te
397 395 564 445 populus
583 408 723 433 sanum
744 401 925 446 recteque
945 397 1141 434 valentem

163 456 344 502 Dictitet,
365 458 558 494 occultam
577 457 728 495 febrem
748 458 822 495 sub
841 462 998 507 tempus
1018 458 1157 495 edendi

163 517 407 565 Dissimules,
427 518 548 556 donec
565 519 748 556 manibus
767 523 915 556 tremor
933 519 1081 556 incidat
1100 520 1239 558 unctis.

163 578 387 616 Stultorum
407 579 593 617 incurata
612 580 738 629 pudor
757 580 886 617 malus
906 580 1037 617 ulcera
1057 580 1168 618 celat.

164 640 292 689 Siquis
311 640 413 677 bella
432 640 506 677 tibi
528 645 635 677 terra
654 644 835 690 pugnata
855 641 1033 690 marique

163 701 293 747 Dicat,
312 705 353 738 et
371 701 432 739 his
450 702 581 738 verbis
601 714 747 739 vacuas
767 702 1006 751 permulceat
1028 715 1143 739 aures
1159 717 1166 740 :

163 765 186 783 “
200 763 304 800 Tene
323 763 447 812 magis
466 763 619 800 salvum
640 763 807 812 populus
826 763 932 809 velit,
953 776 1006 800 an
1026 765 1212 813 populum
1231 767 1291 812 tu,

163 822 300 861 Servet
318 823 361 860 in
380 824 576 872 ambiguo,
597 825 663 873 qui
684 823 852 860 consulit
872 827 912 860 et
932 824 1004 861 tibi
1025 831 1064 861 et
1085 826 1185 872 urbi,

160 885 378 936 Iuppiter,'’
399 885 574 935 Augusti
592 885 727 922 laudes
745 898 950 934 agnoscere
971 886 1114 935 possis;

160 947 260 985 Cum
280 947 429 997 pateris
447 948 603 996 sapiens
621 947 930 996 emendatusque
950 948 1078 984 vocari
1097 960 1105 984 :

159 1008 439 1058 Respondesne
458 1013 540 1053 tuo,
561 1007 635 1054 dio,
656 1009 777 1053 sodeS,
800 1009 984 1046 nomine?
1040 1009 1229 1059 “Nempe

158 1069 236 1106 Vir
254 1070 378 1107 bonus
397 1073 438 1106 et
457 1068 629 1118 prudens
648 1069 722 1105 dici
743 1068 913 1106 delector
934 1081 1003 1117 ego
1023 1082 1067 1106 ac
1086 1069 1168 1106 tu.’'

159 1131 235 1176 Qui
254 1130 362 1168 dedit
381 1130 453 1167 hoc
471 1130 595 1175 hodie,
616 1143 702 1166 cras
721 1130 753 1166 si
773 1130 878 1166 volet
897 1130 1064 1176 auferet,
1087 1135 1133 1167 ut
1152 1131 1185 1168 si

159 1192 361 1231 Detulerit
379 1192 503 1229 fasces
521 1192 694 1241 indignO,
716 1192 899 1229 detrahet
919 1193 1033 1230 idem.

161 1256 183 1276 “
196 1253 314 1300 Pone,
335 1253 541 1299 meumst,'’
561 1253 715 1302 inquit:
746 1266 847 1302 pono
866 1254 1070 1302 tristisque
1089 1253 1236 1292 recedo.

161 1315 281 1361 Idem,
297 1314 480 1353 siclamet
499 1313 641 1359 furem,
663 1320 780 1363 neget
799 1327 881 1351 esse
902 1314 1098 1364 pudicum,

157 1376 380 1414 Oontendat
397 1376 536 1425 laqueo
554 1375 696 1412 collum
718 1376 898 1424 pressisse
918 1382 1128 1425 paternum
1143 1387 1155 1415 z

157 1437 343 1475 Mordear
360 1438 577 1488 opprobriis
596 1437 706 1474 falsis
726 1443 953 1486 mutemque
972 1439 1140 1476 colores?

156 1499 296 1537 Falsus
316 1498 442 1536 honor
460 1499 574 1536 iuvat
593 1504 633 1535 et
654 1499 823 1536 mendax
843 1498 1010 1537 infamia
1031 1504 1155 1537 terret

1436 171 1484 208 39

1436 350 1486 376 20

1435 655 1481 693 25

1433 962 1484 1000 30

1431 1268 1479 1306 35

155 1561 280 1606 Quem
300 1561 376 1598 nisi
396 1560 623 1598 mendosum
644 1564 685 1597 et
706 1561 1000 1598 medicandum?
1056 1562 1132 1598 Vir
1152 1563 1278 1600 bonus
1297 1567 1356 1601 est
1374 1565 1482 1614 quis?

157 1625 178 1643 “
194 1622 270 1668 Qui
289 1623 468 1660 consulta
489 1628 662 1672 patrum,
682 1623 747 1672 qui
770 1622 874 1672 leges
893 1623 1059 1672 iuraque
1077 1630 1223 1671 servat,

154 1684 241 1729 Quo
261 1684 411 1721 multae
431 1696 675 1733 magnaeque
695 1690 881 1721 secantur
900 1685 1026 1721 iudice
1046 1685 1145 1731 lites,

154 1746 239 1791 Quo
258 1758 321 1783 res
339 1758 523 1796 sponsore
543 1752 584 1782 et
603 1758 680 1795 quo
699 1758 842 1783 causae
861 1750 962 1784 teste
983 1746 1208 1784 tenentur.”

155 1807 229 1845 Sed
244 1807 351 1845 videt
370 1807 476 1844 hunc
495 1808 623 1844 omnis
643 1807 780 1844 domus
799 1811 839 1845 et
861 1808 1006 1844 vicinia
1026 1814 1114 1845 tota

152 1868 376 1906 Introrsum
396 1873 568 1918 turpem,
589 1869 803 1918 speciosum
823 1868 923 1918 pelle
942 1869 1089 1906 dvcora.

152 1932 176 1951 “
190 1929 274 1967 Nec
292 1929 446 1967 furtum
468 1930 541 1967 feci
560 1942 630 1966 nec
649 1929 769 1979 fugi,”
787 1931 818 1967 si
840 1930 935 1966 mihi
955 1931 1059 1968 dicat

152 1991 296 2029 Servus
313 2006 321 2030 ε
351 1991 524 2028 “Habes
543 1992 728 2041 pretium,
750 1991 843 2028 loris
862 2005 940 2028 non
961 1992 1119 2038 ureris‚”
1138 1992 1210 2031 aio.

153 2052 284 2090 “Non
304 2052 500 2090 hominem
521 2052 674 2090 occidi.''
731 2056 754 2073 “
770 2052 808 2088 N
812 2065 863 2089 on
885 2065 1016 2101 pasces
1037 2054 1076 2089 in
1097 2066 1209 2090 cruce
1229 2054 1397 2092 corvos.'¹

706 2113 856 2149 Renuit
876 2114 1106 2162 negitatqm¹
1128 2114 1318 2151 Sabellus.

606 2112 650 2128 ’Π

152 2115 174 2134 “
191 2112 288 2150 Sum
307 2113 432 2150 bonus
449 2117 490 2150 et
508 2112 626 2162 frugi.

150 2174 303 2212 Cautus
320 2175 424 2211 enim
444 2174 588 2211 metuit
608 2174 761 2211 foveam
782 2174 899 2222 lupus
918 2175 1178 2223 accipiterque

150 2235 358 2285 Suspectos
377 2235 536 2285 laqueos
555 2240 596 2272 et
615 2243 794 2285 opertum
818 2236 962 2273 miluus
984 2237 1159 2274 humum.

149 2295 329 2334 Oderunt
347 2309 506 2346 peccare
526 2296 618 2333 boni
638 2297 801 2333 virtutis
820 2309 975 2334 amore:

149 2357 208 2396 Tu
227 2356 325 2394 nihil
345 2357 530 2395 admittes
548 2357 590 2394 in
610 2361 648 2394 te
667 2356 876 2393 formidine
896 2369 1051 2407 poenae.

1430 1639 1475 1672 41

1428 1883 1474 1920 45

1426 2188 1474 2226 ⁵0
