1701 2605
226 200 274 238 44
809 202 977 230 nomon.

225 303 398 341 Lenibus
415 300 599 351 imperiis,
619 297 877 349 quotiensque
892 294 1032 332 educet
1050 292 1092 330 in
1112 302 1228 340 agros

225 362 381 402 Aetolis
392 364 556 400 onerata
574 359 702 410 plagis
718 358 900 395 iumenta
916 366 1121 403 canesque,

225 426 349 475 Surge
366 428 407 461 et
425 422 667 461 inhumanae
684 418 837 457 senium
855 417 1002 467 depone
1020 414 1226 460 Camenae,

225 488 348 525 Oenes
366 489 413 522 ut
430 483 582 535 pariter
598 482 805 532 pulmenta
822 477 1019 515 laboribus
1036 478 1191 525 empta:

226 546 416 585 Romanis
433 544 618 582 sollemne
635 542 730 579 viris
748 552 856 591 opus,
876 538 976 576 utile
994 537 1123 574 famae

225 609 422 658 Vitaeque
440 609 480 643 et
499 603 694 650 membris,
715 600 946 652 praesertim
964 612 1053 637 cum
1071 598 1203 636 valeas
1221 600 1262 634 et

226 670 303 707 Vel
321 681 438 707 cursu
456 678 643 716 superare
660 676 800 702 canem
818 662 881 700 vel
900 661 1050 699 viribus
1067 671 1210 709 aprum

227 731 363 770 Possis.
419 729 533 767 Adde
551 726 683 765 virilia
702 725 805 776 quod
823 723 1031 774 speciosius
1049 734 1159 758 arma

225 793 318 830 Non
336 795 395 830 est
414 791 483 840 qui
500 792 646 827 tractet
661 800 668 825 ε
697 787 780 832 scis,
800 798 877 835 quo
895 784 1064 822 clamore
1082 793 1247 819 coronae

226 853 381 892 Proelia
398 851 592 890 sustineas
609 846 843 897 campestria
857 859 868 893 3
897 844 1062 894 denique
1080 854 1238 879 saevam

227 915 415 953 Militiam
434 925 531 963 puer
549 915 590 948 et
609 908 850 948 Cantabrica
869 906 971 944 bella
989 903 1120 942 tulisti

227 978 308 1015 Sub
326 977 433 1022 duce,
452 974 521 1024 qui
537 972 694 1022 templis
712 969 956 1008 Parthorum
974 967 1088 1017 signa
1106 965 1236 1014 refigit

226 1040 345 1076 Nunc
363 1042 415 1084 et,
434 1035 561 1086 siquid
576 1035 697 1080 abest,
718 1031 836 1069 Italis
853 1029 1051 1068 adiudicat
1070 1027 1200 1064 armis.

228 1102 288 1138 Ac
306 1112 357 1137 ne
373 1103 415 1136 te
433 1096 612 1135 retrahas
630 1099 671 1133 et
688 1092 963 1131 inexcusabilis
982 1090 1097 1136 absis,

227 1161 416 1208 Quamvis
433 1160 490 1196 m'l
507 1161 622 1196 extra
640 1167 850 1194 numerum
868 1153 1002 1191 fecisse
1022 1151 1257 1198 modumque

227 1225 364 1269 Ouras,
380 1220 583 1259 interdum
601 1217 764 1267 nugaris
782 1228 874 1253 rure
894 1218 1080 1264 paterno:

228 1285 411 1323 Partitur
428 1283 569 1320 lintres
587 1279 791 1324 exercitus,
810 1276 931 1314 Actia
950 1287 1084 1325 pugna

228 1348 281 1384 Te
300 1347 396 1383 duce
413 1357 483 1394 per
502 1354 642 1393 pueros
660 1340 793 1378 hostili
813 1350 921 1376 more
939 1336 1124 1382 refertur,

229 1407 492 1446 Adversarius
510 1408 569 1442 est
587 1404 724 1449 frater,
744 1402 854 1438 lacus
874 1399 1042 1445 Hadria,
1064 1398 1183 1435 donec

228 1471 482 1507 Alterutrum
499 1467 613 1504 velox
629 1463 794 1503 victoria
812 1462 949 1500 fronde
966 1463 1139 1498 coronet.

229 1530 458 1570 Consentire
476 1529 556 1565 suis
574 1526 713 1564 studiis
731 1525 799 1575 qui
817 1522 1024 1561 crediderit
1042 1525 1094 1567 te,

229 1594 378 1630 Fautor
396 1594 563 1639 utroque
581 1592 697 1625 tuum
715 1585 896 1623 laudabit
915 1584 1050 1634 pollice
1068 1582 1217 1619 ludum.

229 1653 416 1691 Protinus
433 1655 480 1688 ut
499 1662 692 1696 moneam,
712 1647 840 1697 siquid
858 1644 1061 1683 monitoris
1080 1655 1168 1692 eges
1186 1645 1256 1679 tu:

229 1714 332 1760 Quid
350 1714 397 1750 de
414 1724 567 1763 quoque
586 1712 670 1748 viro
688 1713 729 1747 et
747 1709 809 1746 cui
828 1708 944 1753 dicas,
965 1718 1078 1756 saepe
1096 1704 1236 1741 videto,

230 1776 549 1812 Percontatorem
569 1772 697 1821 fugito
713 1783 721 1808 ;
752 1782 844 1806 nam
864 1768 1046 1818 garrulus
1064 1766 1217 1810 idemst,

229 1837 315 1874 Nec
331 1835 507 1872 retinent
526 1833 688 1883 patulae
705 1830 896 1868 conmissa
915 1828 1084 1866 fideliter
1103 1838 1229 1871 aurQS,

230 1899 285 1935 Et
302 1897 419 1934 semel
438 1896 621 1933 emissum
639 1893 745 1931 volat
763 1890 1022 1929 inrevocabile
1042 1889 1212 1925 verbum.

230 1960 321 1998 Non
339 1958 482 1996 ancilla
499 1961 615 1993 tuum
633 1955 740 1992 iecur
758 1954 905 1991 ulceret
925 1951 1007 1987 ulla
1027 1961 1173 2000 puerve

232 2020 349 2057 Intra
368 2029 631 2055 marmoreum
650 2013 865 2052 venerandi
884 2013 1004 2049 limen
1025 2011 1152 2056 amici,

232 2082 295 2119 Ne
316 2080 495 2117 dominus
514 2077 628 2127 pueri
648 2075 803 2126 pulchri
821 2085 984 2111 caraeve
1002 2071 1156 2122 puellae

233 2143 402 2180 Munere
421 2144 461 2177 te
479 2151 601 2189 parvo
619 2138 708 2175 beet
727 2140 797 2174 aut
814 2134 1078 2172 incommodus
1098 2134 1232 2182 angat.

1410 183 1539 239 [xvm.

1491 299 1538 337 45

1494 913 1541 952 55

1497 1212 1545 1247 60

1501 2139 1544 2177 75

232 2203 398 2248 Qualem
417 2199 672 2245 commendes,
691 2198 813 2235 etiam
832 2199 953 2244 atque
972 2195 1094 2232 etiam
1114 2193 1252 2242 aspice,
1273 2203 1322 2228 ne
1343 2202 1431 2227 mox

233 2263 441 2301 Incutiant
460 2261 589 2298 aliena
608 2259 680 2295 tibi
699 2261 858 2308 peccata
877 2255 1074 2306 pudorem.

233 2324 426 2362 Fallimur
443 2326 483 2359 et
501 2320 698 2371 quondam
716 2332 795 2356 non
814 2318 978 2366 dignum
1005 2314 1219 2353 tradimus:
1249 2324 1340 2361 ergo

234 2387 358 2432 Quem
378 2397 449 2421 sua
468 2383 582 2432 culpa
602 2384 765 2432 premet,
786 2379 969 2428 deceptus
989 2377 1127 2413 omitte
1144 2375 1249 2413 tueri
1266 2387 1275 2420 ;
