1701 2605
155 134 204 177 54
730 152 898 179 HonAcE.

154 245 269 282 Serus
288 246 390 283 enim
413 246 569 284 Graecis
588 247 761 284 admovit
780 246 964 283 acumina
983 246 1140 294 chartis,

154 307 206 343 Et
224 312 310 357 post
330 308 481 344 Punica
500 308 602 345 bella
621 308 777 357 quietus
796 320 984 357 quaerere
1002 309 1138 358 coepit,

152 369 252 413 Quid
273 369 478 418 Sophocles
496 374 536 407 et
554 369 714 419 Thespis
733 374 773 406 et
792 370 1009 418 Aeschylus
1028 370 1125 406 utiler
1145 370 1310 408 ferrent.

150 431 377 479 Temptavit
396 444 550 480 quoque
568 444 650 468 rem
670 432 701 468 si
720 431 834 480 digne
853 435 1005 468 vertere
1025 436 1163 481 posset,

151 491 204 527 Et
225 492 370 540 placuit
390 493 474 539 sibi,
495 497 643 529 natura
662 493 838 530 sublimis
858 497 896 530 et
916 506 1026 531 acer:

150 553 256 590 Nam
276 553 401 602 spirat
420 555 614 604 tragicum
635 555 730 591 satis
749 558 789 591 et
807 554 973 592 feliciter
991 555 1123 602 audet,

151 614 225 650 Sed
244 618 400 664 turpem
419 620 536 664 putat
555 616 693 653 inscite
712 616 930 665 metuitque
950 617 1124 654 lituram.

150 675 342 722 Creditur,
365 689 412 713 ex
431 676 556 713 medio
575 678 668 726 quia
688 690 749 714 res
768 678 938 723 arcessit,
960 678 1104 715 habere

150 737 308 774 Sudoris
327 738 544 785 minimum,
564 739 629 775 sed
649 739 768 776 habet
786 739 981 776 comoedia
1000 742 1115 775 tanto

150 798 243 835 Plus
262 800 401 846 oneris,
421 803 570 849 quanto
590 801 726 836 veniae
746 801 886 837 minus.
944 801 1122 849 Adspice,
1144 801 1310 837 Plautus

149 861 234 904 Quo
252 864 366 909 pacto
385 865 518 909 partes
537 865 695 898 tutetur
716 863 889 899 amantis
908 862 1057 911 ephebi,

148 922 208 958 Ut
228 923 352 971 patris
372 923 530 970 attenti,
550 923 699 960 lenonis
719 927 764 960 ut
782 924 965 970 insidiosi,

148 984 331 1028 Quantus
350 984 400 1020 sit
420 985 646 1021 Dossennus
665 985 846 1021 edacibus
865 985 906 1021 in
926 986 1120 1034 parasitis,

147 1045 275 1089 Quam
295 1058 374 1082 non
394 1046 581 1083 adstricto
601 1051 804 1095 percurrat
824 1047 979 1096 pulpita
999 1060 1104 1084 socco
1122 1059 1128 1082 :

147 1106 276 1143 Gestit
296 1107 398 1143 enim
419 1121 626 1144 nummum
646 1108 687 1144 in
709 1108 850 1145 loculos
870 1108 1088 1154 demittere,
1109 1113 1196 1157 post
1216 1109 1287 1145 hoc

148 1167 325 1214 Securus,
346 1169 464 1205 cadat
483 1182 535 1205 an
555 1174 661 1205 recto
680 1173 757 1206 stet
776 1169 913 1205 fabula
932 1169 1022 1207 talo,

147 1228 270 1272 Quem
289 1229 384 1266 tulit
404 1230 454 1266 ad
473 1242 652 1267 scaenam
674 1234 834 1267 ventoso
854 1230 986 1267 Gloria
1007 1244 1136 1277 curru,

147 1289 362 1327 Exanimat
382 1290 514 1327 lentus
533 1295 740 1340 spectator,
761 1291 916 1328 sedulus
935 1292 1049 1328 inflat
1067 1304 1073 1328 :

147 1352 208 1388 Sic
226 1352 321 1399 leve,
342 1353 394 1389 sic
414 1357 630 1402 parvumst,
652 1354 827 1390 animum
847 1354 948 1403 quod
968 1354 1094 1390 laudis
1114 1367 1278 1391 avarum

146 1414 310 1450 Subruit
329 1418 401 1451 aut
421 1415 555 1452 reficit.
613 1415 760 1452 Valeat
779 1428 840 1453 res
858 1416 1008 1453 ludicra
1024 1429 1031 1452 ε
1061 1417 1093 1452 si
1113 1430 1173 1453 me

145 1475 284 1511 Palma
303 1479 449 1524 negata
469 1489 657 1523 macrum,
678 1477 824 1513 donata
843 1477 995 1514 reducit
1014 1478 1197 1526 opimum.

145 1536 266 1585 Saepe
284 1537 405 1573 etiam
423 1537 609 1574 audacem
630 1538 744 1587 fugat
763 1539 834 1575 hoc
852 1542 1053 1588 terretque
1072 1543 1240 1588 poetam,

143 1597 254 1642 Quod
276 1611 436 1635 numero
455 1599 597 1647 plures,
618 1599 768 1636 virtute
786 1604 824 1636 et
845 1600 989 1636 honore
1008 1601 1187 1646 minores,

144 1659 296 1696 Indocti
317 1660 523 1709 stolidique
542 1664 582 1698 et
601 1661 826 1710 depugnare
845 1662 985 1710 parati,

144 1720 184 1756 Si
203 1720 395 1757 discordet
415 1734 542 1770 eques,
564 1722 688 1758 media
708 1724 814 1759 inter
835 1725 1012 1759 carmina
1032 1729 1196 1773 poscunt

141 1782 228 1818 Aut
248 1795 382 1818 ursum
403 1786 475 1819 aut
494 1783 643 1832 pugiles
661 1796 667 1820 :
698 1783 758 1819 his
778 1796 871 1820 nam
890 1784 1090 1832 plebecula
1110 1786 1265 1834 gaudet.

141 1843 294 1880 Verum
313 1843 455 1892 equitis
474 1857 626 1893 quoque
646 1844 725 1880 iam
745 1844 931 1892 migravit
949 1845 1000 1881 ab
1019 1858 1115 1882 aure
1135 1847 1316 1896 voluptas

141 1903 277 1941 Omnis
296 1904 345 1940 ad
363 1904 532 1940 incertos
552 1905 680 1941 oculos
698 1909 738 1941 et
758 1905 901 1953 gaudia
921 1919 1036 1942 vana.

141 1966 339 2010 Quattuor
358 1970 430 2002 aut
448 1966 578 2014 plures
597 1966 735 2003 aulaea
755 1970 989 2016 premuntur
1007 1967 1047 2003 in
1068 1967 1195 2014 horas,

141 2027 248 2062 Dum
267 2026 429 2075 fugiunt
447 2028 625 2076 equitum
645 2032 799 2065 turmae
818 2028 1068 2078 peditumque
1087 2033 1266 2066 catervae
1282 2044 1290 2076 ;

142 2088 236 2124 Mox
255 2088 433 2125 trahitur
453 2089 637 2125 manibus
656 2103 789 2139 regum
812 2091 970 2126 fortuna
990 2091 1158 2136 retortis,

142 2149 287 2185 Esseda
307 2149 511 2197 festinant,
532 2151 695 2199 pilenta,
717 2151 920 2200 petorrita,
941 2164 1072 2198 naves,

141 2211 351 2259 Captivum
374 2214 557 2260 portatur
577 2212 684 2258 ebur,
705 2215 862 2260 captiva
883 2212 1108 2251 Corinthus,

142 2272 182 2308 Si
202 2272 303 2308 foret
324 2271 364 2308 in
383 2272 509 2318 terris',
531 2273 674 2309 rideret
695 2273 948 2319 Democritus,
970 2286 1033 2310 scu

141 2334 350 2371 Diversum
371 2333 532 2370 confusa
551 2347 673 2383 genus
694 2335 888 2384 panthera
908 2335 1052 2372 camelo

1396 497 1465 544 165

1396 815 1466 850 170

1395 1123 1462 1160 175

1361 1455 1366 1461 ,
1394 1422 1463 1456 180

1390 1729 1457 1775 185

1388 2045 1458 2081 190

1384 2351 1452 2389 195
