1701 2605
183 186 257 225 136
756 200 937 227 HORACE.

180 291 237 329 Ut
258 291 429 342 scriptor
448 291 482 329 si
501 294 638 343 peccat
657 291 764 330 idem
782 292 974 330 librarius
995 306 1136 343 usque,

182 353 376 402 Quamvis
395 358 458 393 est
475 356 667 401 monitus,
687 356 803 394 venia
823 359 942 401 caret,
963 360 1011 393 ut
1032 356 1287 395 citharoedus

182 418 367 464 Ridetur,
388 419 538 457 chorda
557 420 628 470 qui
648 433 802 471 semper
821 421 981 458 oberrat
1000 421 1151 465 eadem,

181 482 245 519 Sic
264 483 375 528 mihi,
397 483 468 534 qui
486 483 663 521 multum
682 487 823 527 cessat,
845 484 893 521 fit
914 484 1123 522 Choerilus
1144 484 1223 529 ille,

180 546 310 594 Quem
328 547 390 585 bis
411 550 518 586 terve
537 548 690 585 bonum
710 561 801 585 cum
820 548 905 585 risu
924 548 1068 595 miror3
1099 552 1140 586 et
1160 548 1267 586 idem

178 610 387 660 Indignor,
409 611 651 662 quandoque
670 612 799 649 bonus
819 612 1016 649 dormitat
1036 612 1241 650 Homerus
1258 629 1264 650 :

181 674 332 712 Verum
351 675 460 725 operi
479 675 599 725 longo
618 676 681 713 fas
700 679 762 714 est
782 676 970 726 obrepere
990 690 1186 714 somnum.

180 738 239 776 Ut
258 739 427 790 pictura,
447 739 600 790 poesis:
631 739 708 778 erit
728 753 841 790 quae,
864 740 897 777 si
917 741 1083 791 propius
1106 744 1198 786 stes,

181 803 236 840 Te
255 802 389 853 capiat
407 803 550 853 magis,
570 806 611 841 et
631 804 842 854 quaedam,
864 804 897 841 si
918 804 1077 854 longius
1099 805 1256 851 abstes3

181 867 292 904 Haec
312 870 422 904 amat
441 868 668 912 obscurum,
689 868 795 906 volet
814 868 910 906 haec
931 869 1007 906 sub
1026 868 1113 906 luce
1132 868 1270 913 videri,

180 931 332 969 Iudicis
352 934 544 981 argutum
564 945 666 982 quae
684 945 765 970 non
784 932 978 970 formidat
998 946 1186 979 acumen;

179 995 290 1033 Haec
309 995 462 1046 placuit
483 996 614 1041 semel,
636 996 733 1034 haec
752 997 909 1035 deciens
929 998 1099 1048 repetita
1119 997 1304 1048 placebit.

233 1059 267 1098 O
288 1059 415 1098 maior
434 1061 637 1106 iuvenum,
661 1061 845 1111 quamvis
865 1064 905 1099 et
925 1074 1019 1099 voce
1039 1064 1208 1112 paterna

181 1123 365 1173 Fingeris
387 1124 439 1161 ad
458 1127 613 1162 rectum
633 1128 673 1163 et
691 1137 762 1175 per
782 1128 822 1162 te
842 1125 962 1175 sapis,
983 1126 1058 1163 hoc
1077 1125 1154 1163 tibi
1173 1125 1327 1162 dictum

181 1188 292 1226 Tolle
310 1201 474 1234 memor,
496 1189 615 1227 certis
635 1189 813 1226 medium
833 1192 874 1226 et
893 1189 1101 1227 tolerabile
1121 1190 1241 1227 rebus

179 1253 302 1291 Recte
321 1253 504 1291 concedi:
536 1253 745 1291 consultus
766 1253 865 1290 iuris
885 1256 926 1291 et
945 1257 1056 1291 actor

179 1317 405 1355 Causarum
423 1317 634 1355 mediocris
654 1317 769 1355 abest
788 1317 939 1355 virtute
959 1317 1100 1355 diserti

179 1380 394 1419 Messallae
414 1394 486 1419 nec
506 1381 581 1418 scit
601 1384 801 1431 quantum
821 1381 1039 1419 Cascellius
1060 1381 1205 1426 Aulus,

181 1445 258 1484 Sed
277 1448 414 1483 tamen
434 1445 475 1482 in
495 1445 625 1496 pretio
645 1448 727 1483 est:
758 1445 1026 1483 mediocribus
1047 1458 1133 1483 esse
1152 1445 1281 1495 poetis

181 1510 275 1547 Non
294 1509 488 1554 homines,
510 1522 591 1547 non
611 1509 664 1553 di,
684 1522 766 1546 non
785 1522 1010 1547 concessere
1029 1509 1248 1548 columnae.

180 1574 239 1612 Ut
259 1577 394 1623 gratas
410 1573 515 1611 inter
529 1586 688 1611 mensas
710 1573 949 1624 symphonia
968 1573 1120 1611 discors

181 1638 237 1675 Et
255 1650 435 1675 crassum
454 1640 711 1686 unguentum
728 1640 769 1674 et
790 1637 917 1675 Sardo
937 1650 1029 1674 cum
1048 1637 1164 1675 melle
1183 1650 1362 1688 papaver

183 1701 421 1746 Offendunt,
441 1704 602 1751 poterat
621 1701 713 1738 duci
733 1701 830 1751 quia
849 1714 945 1738 cena
967 1701 1051 1739 sine
1070 1701 1172 1745 istis,

184 1766 248 1803 Sic
268 1765 413 1803 animis
433 1768 577 1802 natum
597 1765 887 1815 inventumque
906 1778 1048 1815 poema
1068 1765 1267 1809 iuvandis,

186 1830 227 1868 Si
246 1829 414 1880 paulum
434 1843 591 1867 summo
611 1829 793 1874 decessit,
814 1830 943 1879 vergit
962 1830 1014 1867 ad
1033 1830 1169 1867 imum.

184 1894 341 1931 Ludere
361 1893 431 1944 qui
451 1894 589 1938 nescit,
610 1893 902 1944 campestribus
922 1894 1100 1931 abstinet
1120 1893 1254 1938 armis,

185 1958 459 2007 Indoctusque
479 1957 583 2008 pilae
603 1957 751 1995 discive
770 1957 947 1995 trochive
968 1957 1148 2007 quiescit,

185 2022 248 2060 Ne
268 2022 419 2072 spissae
439 2022 565 2058 risum
584 2021 731 2059 tollant
751 2021 914 2072 impune
934 2034 1121 2059 coronae:

187 2086 266 2134 Qui
286 2087 412 2123 nescit
431 2099 580 2131 versus,
602 2089 738 2124 tamen
757 2086 880 2123 audet
899 2086 1058 2135 fingere.
1117 2085 1300 2132 Quidni?

187 2150 307 2187 Liber
322 2153 362 2187 et
383 2150 593 2199 ingenuus,
614 2150 851 2200 praesertim
872 2163 1014 2187 census
1034 2152 1262 2199 equestrem

189 2214 396 2252 Summam
416 2227 685 2258 nummorum,
707 2214 885 2263 vitioque
904 2216 1082 2251 remotus
1103 2213 1154 2250 ab
1175 2212 1294 2249 omni.

241 2279 302 2316 Tu
321 2277 423 2314 nihil
442 2278 570 2315 invita
590 2278 695 2315 dices
715 2278 886 2315 faciesve
907 2277 1112 2315 Minerva:

189 2344 240 2382 Id
258 2343 334 2380 tibi
354 2342 548 2380 iudicium
568 2344 640 2386 est,
661 2355 707 2380 ea
726 2354 838 2380 mens
853 2358 861 2388 ;
893 2341 926 2378 si
946 2341 1045 2391 quid
1064 2344 1200 2379 tamen
1220 2340 1315 2378 olim

1434 369 1503 405 355

1431 677 1504 724 360

1430 999 1500 1044 365

1426 1330 1499 1367 370

1432 1648 1502 1688 375

1436 1961 1509 2005 380
