<?xml version="1.0" encoding="UTF-8"?>
<!DOCTYPE html PUBLIC "-//W3C//DTD XHTML 1.0 Transitional//EN"
    "http://www.w3.org/TR/xhtml1/DTD/xhtml1-transitional.dtd">
<html xmlns="http://www.w3.org/1999/xhtml" xml:lang="en" lang="en">
 <head>
  <title>
</title>
<meta http-equiv="Content-Type" content="text/html;charset=utf-8" />
  <meta name='ocr-system' content='tesseract 3.04.00' />
  <meta name='ocr-capabilities' content='ocr_page ocr_carea ocr_par ocr_line ocrx_word'/>
</head>
<body>
  <div class='ocr_page' id='page_1' title='image "./epistles00horauoft_0032.png"; bbox 0 0 1701 2605; ppageno 0'>
   <div class='ocr_carea' id='block_1_1' title="bbox 183 189 925 226">
    <p class='ocr_par' dir='ltr' id='par_1_1' title="bbox 183 189 925 226">
     <span class='ocr_line' id='line_1_1' title="bbox 183 189 925 226; baseline -0.012 0"><span class='ocrx_word' id='word_1_1' title='bbox 183 189 232 226; x_wconf 88' lang='grc'>28</span> <span class='ocrx_word' id='word_1_2' title='bbox 758 192 925 219; x_wconf 71' lang='lat' dir='ltr'>HoaAon.</span> 
     </span>
    </p>
   </div>
   <div class='ocr_carea' id='block_1_2' title="bbox 183 280 1324 2429">
    <p class='ocr_par' dir='ltr' id='par_1_2' title="bbox 184 280 1162 338">
     <span class='ocr_line' id='line_1_2' title="bbox 184 280 1162 338; baseline -0.011 -8"><span class='ocrx_word' id='word_1_3' title='bbox 184 294 208 313; x_wconf 75' lang='lat'>‘⁴</span> <span class='ocrx_word' id='word_1_4' title='bbox 221 291 315 330; x_wconf 90' lang='lat' dir='ltr'>Non</span> <span class='ocrx_word' id='word_1_5' title='bbox 331 290 459 328; x_wconf 85' lang='lat' dir='ltr'>invisa</span> <span class='ocrx_word' id='word_1_6' title='bbox 477 288 579 326; x_wconf 80' lang='lat' dir='ltr'>feres</span> <span class='ocrx_word' id='word_1_7' title='bbox 596 286 728 338; x_wconf 89' lang='lat' dir='ltr'>pueris</span> <span class='ocrx_word' id='word_1_8' title='bbox 748 284 981 323; x_wconf 84' lang='lat' dir='ltr'>munuscula</span> <span class='ocrx_word' id='word_1_9' title='bbox 999 280 1162 334; x_wconf 85' lang='lat' dir='ltr'>parvis.&#39;’</span> 
     </span>
    </p>

    <p class='ocr_par' dir='ltr' id='par_1_3' title="bbox 183 343 1210 398">
     <span class='ocr_line' id='line_1_3' title="bbox 183 343 1210 398; baseline -0.011 -7"><span class='ocrx_word' id='word_1_10' title='bbox 183 356 206 375; x_wconf 92' lang='lat'>“</span> <span class='ocrx_word' id='word_1_11' title='bbox 221 353 319 390; x_wconf 85' lang='lat' dir='ltr'>Tam</span> <span class='ocrx_word' id='word_1_12' title='bbox 337 357 473 390; x_wconf 89' lang='lat' dir='ltr'>teneor</span> <span class='ocrx_word' id='word_1_13' title='bbox 491 350 602 396; x_wconf 91' lang='lat' dir='ltr'>dono,</span> <span class='ocrx_word' id='word_1_14' title='bbox 621 360 740 398; x_wconf 85' lang='lat' dir='ltr'>quam</span> <span class='ocrx_word' id='word_1_15' title='bbox 761 346 794 384; x_wconf 83' lang='lat' dir='ltr'>si</span> <span class='ocrx_word' id='word_1_16' title='bbox 811 346 993 383; x_wconf 86' lang='lat' dir='ltr'>dimittar</span> <span class='ocrx_word' id='word_1_17' title='bbox 1011 343 1210 382; x_wconf 85' lang='lat' dir='ltr'>onustus.&#39;’</span> 
     </span>
    </p>

    <p class='ocr_par' dir='ltr' id='par_1_4' title="bbox 183 404 1324 647">
     <span class='ocr_line' id='line_1_4' title="bbox 184 404 1324 461; baseline -0.011 -8"><span class='ocrx_word' id='word_1_18' title='bbox 184 418 206 436; x_wconf 93' lang='lat'><strong>“</strong></span> <span class='ocrx_word' id='word_1_19' title='bbox 221 415 283 453; x_wconf 89' lang='lat' dir='ltr'>Ut</span> <span class='ocrx_word' id='word_1_20' title='bbox 301 415 419 451; x_wconf 87' lang='lat' dir='ltr'>libet:</span> <span class='ocrx_word' id='word_1_21' title='bbox 448 413 545 450; x_wconf 89' lang='lat' dir='ltr'>haec</span> <span class='ocrx_word' id='word_1_22' title='bbox 563 411 687 461; x_wconf 89' lang='lat' dir='ltr'>porcis</span> <span class='ocrx_word' id='word_1_23' title='bbox 705 409 820 447; x_wconf 90' lang='lat' dir='ltr'>hodie</span> <span class='ocrx_word' id='word_1_24' title='bbox 839 407 1074 445; x_wconf 87' lang='lat' dir='ltr'>comedenda</span> <span class='ocrx_word' id='word_1_25' title='bbox 1093 404 1324 455; x_wconf 87' lang='lat' dir='ltr'>relinques.”</span> 
     </span>
     <span class='ocr_line' id='line_1_5' title="bbox 183 467 1201 526; baseline -0.01 -12"><span class='ocrx_word' id='word_1_26' title='bbox 183 476 374 526; x_wconf 85' lang='lat' dir='ltr'>Prodigus</span> <span class='ocrx_word' id='word_1_27' title='bbox 391 478 432 512; x_wconf 91' lang='lat' dir='ltr'>et</span> <span class='ocrx_word' id='word_1_28' title='bbox 449 473 595 512; x_wconf 77' lang='lat' dir='ltr'>stultus</span> <span class='ocrx_word' id='word_1_29' title='bbox 613 472 735 510; x_wconf 84' lang='lat' dir='ltr'>donat</span> <span class='ocrx_word' id='word_1_30' title='bbox 753 483 853 521; x_wconf 90' lang='lat' dir='ltr'>quae</span> <span class='ocrx_word' id='word_1_31' title='bbox 870 468 1021 519; x_wconf 85' lang='lat' dir='ltr'>spernit</span> <span class='ocrx_word' id='word_1_32' title='bbox 1039 472 1080 506; x_wconf 80' lang='lat' dir='ltr'>et</span> <span class='ocrx_word' id='word_1_33' title='bbox 1097 467 1201 505; x_wconf 88' lang='lat' dir='ltr'>odit:</span> 
     </span>
     <span class='ocr_line' id='line_1_6' title="bbox 185 528 1252 587; baseline -0.01 -11"><span class='ocrx_word' id='word_1_34' title='bbox 185 539 295 576; x_wconf 89' lang='lat' dir='ltr'>Haec</span> <span class='ocrx_word' id='word_1_35' title='bbox 314 549 421 587; x_wconf 87' lang='lat' dir='ltr'>seges</span> <span class='ocrx_word' id='word_1_36' title='bbox 439 536 616 586; x_wconf 87' lang='lat' dir='ltr'>ingratos</span> <span class='ocrx_word' id='word_1_37' title='bbox 634 533 731 571; x_wconf 87' lang='lat' dir='ltr'>tulit</span> <span class='ocrx_word' id='word_1_38' title='bbox 750 536 790 570; x_wconf 87' lang='lat' dir='ltr'>et</span> <span class='ocrx_word' id='word_1_39' title='bbox 808 531 911 569; x_wconf 82' lang='lat' dir='ltr'>feret</span> <span class='ocrx_word' id='word_1_40' title='bbox 929 530 1109 568; x_wconf 84' lang='lat' dir='ltr'>omnibus</span> <span class='ocrx_word' id='word_1_41' title='bbox 1127 528 1252 566; x_wconf 88' lang='lat' dir='ltr'>annis.</span> 
     </span>
     <span class='ocr_line' id='line_1_7' title="bbox 183 593 1149 647; baseline -0.011 -9"><span class='ocrx_word' id='word_1_42' title='bbox 183 600 260 637; x_wconf 88' lang='lat' dir='ltr'>Vir</span> <span class='ocrx_word' id='word_1_43' title='bbox 278 601 401 637; x_wconf 87' lang='lat' dir='ltr'>bonus</span> <span class='ocrx_word' id='word_1_44' title='bbox 419 601 459 636; x_wconf 86' lang='lat' dir='ltr'>et</span> <span class='ocrx_word' id='word_1_45' title='bbox 477 597 631 647; x_wconf 87' lang='lat' dir='ltr'>sapiens</span> <span class='ocrx_word' id='word_1_46' title='bbox 649 594 778 644; x_wconf 83' lang='lat' dir='ltr'>dignis</span> <span class='ocrx_word' id='word_1_47' title='bbox 796 593 855 630; x_wconf 84' lang='lat' dir='ltr'>ait</span> <span class='ocrx_word' id='word_1_48' title='bbox 873 605 954 629; x_wconf 88' lang='lat' dir='ltr'>esse</span> <span class='ocrx_word' id='word_1_49' title='bbox 972 595 1149 642; x_wconf 88' lang='lat' dir='ltr'>paratus,</span> 
     </span>
    </p>

    <p class='ocr_par' dir='ltr' id='par_1_5' title="bbox 184 652 1248 830">
     <span class='ocr_line' id='line_1_8' title="bbox 184 652 1165 709; baseline -0.009 -10"><span class='ocrx_word' id='word_1_50' title='bbox 184 662 269 700; x_wconf 87' lang='lat' dir='ltr'>Nec</span> <span class='ocrx_word' id='word_1_51' title='bbox 286 665 423 698; x_wconf 90' lang='lat' dir='ltr'>tamen</span> <span class='ocrx_word' id='word_1_52' title='bbox 441 659 600 709; x_wconf 86' lang='lat' dir='ltr'>ignorat</span> <span class='ocrx_word' id='word_1_53' title='bbox 618 655 712 706; x_wconf 88' lang='lat' dir='ltr'>quid</span> <span class='ocrx_word' id='word_1_54' title='bbox 731 655 879 692; x_wconf 86' lang='lat' dir='ltr'>distent</span> <span class='ocrx_word' id='word_1_55' title='bbox 898 666 992 690; x_wconf 90' lang='lat' dir='ltr'>aera</span> <span class='ocrx_word' id='word_1_56' title='bbox 1011 652 1165 702; x_wconf 87' lang='lat' dir='ltr'>lupinis.</span> 
     </span>
     <span class='ocr_line' id='line_1_9' title="bbox 185 713 1248 773; baseline -0.01 -12"><span class='ocrx_word' id='word_1_57' title='bbox 185 723 363 773; x_wconf 87' lang='lat' dir='ltr'>Dignum</span> <span class='ocrx_word' id='word_1_58' title='bbox 381 720 590 771; x_wconf 78' lang='lat' dir='ltr'>praestabo</span> <span class='ocrx_word' id='word_1_59' title='bbox 607 730 670 755; x_wconf 92' lang='lat' dir='ltr'>me</span> <span class='ocrx_word' id='word_1_60' title='bbox 687 717 809 754; x_wconf 91' lang='lat' dir='ltr'>etiam</span> <span class='ocrx_word' id='word_1_61' title='bbox 828 728 899 766; x_wconf 94' lang='lat' dir='ltr'>pro</span> <span class='ocrx_word' id='word_1_62' title='bbox 916 714 1032 752; x_wconf 88' lang='lat' dir='ltr'>laude</span> <span class='ocrx_word' id='word_1_63' title='bbox 1051 713 1248 751; x_wconf 87' lang='lat' dir='ltr'>merentis.</span> 
     </span>
     <span class='ocr_line' id='line_1_10' title="bbox 185 776 1101 830; baseline -0.012 -7"><span class='ocrx_word' id='word_1_64' title='bbox 185 785 330 830; x_wconf 79' lang='lat' dir='ltr'>Quodsi</span> <span class='ocrx_word' id='word_1_65' title='bbox 347 796 410 821; x_wconf 91' lang='lat' dir='ltr'>me</span> <span class='ocrx_word' id='word_1_66' title='bbox 428 782 536 820; x_wconf 89' lang='lat' dir='ltr'>noles</span> <span class='ocrx_word' id='word_1_67' title='bbox 555 792 722 830; x_wconf 82' lang='lat' dir='ltr'><strong>usquam</strong></span> <span class='ocrx_word' id='word_1_68' title='bbox 741 778 945 824; x_wconf 89' lang='lat' dir='ltr'>discedere,</span> <span class='ocrx_word' id='word_1_69' title='bbox 964 776 1101 814; x_wconf 85' lang='lat' dir='ltr'>reddes</span> 
     </span>
    </p>

    <p class='ocr_par' dir='ltr' id='par_1_6' title="bbox 186 838 1122 893">
     <span class='ocr_line' id='line_1_11' title="bbox 186 838 1122 893; baseline -0.01 -10"><span class='ocrx_word' id='word_1_70' title='bbox 186 847 304 884; x_wconf 86' lang='lat' dir='ltr'>Forte</span> <span class='ocrx_word' id='word_1_71' title='bbox 322 845 440 891; x_wconf 89' lang='lat' dir='ltr'>latus,</span> <span class='ocrx_word' id='word_1_72' title='bbox 460 844 592 893; x_wconf 85' lang='lat' dir='ltr'>nigros</span> <span class='ocrx_word' id='word_1_73' title='bbox 609 845 780 891; x_wconf 86' lang='lat' dir='ltr'>angusta</span> <span class='ocrx_word' id='word_1_74' title='bbox 798 839 930 877; x_wconf 83' lang='lat' dir='ltr'>fronte</span> <span class='ocrx_word' id='word_1_75' title='bbox 950 838 1122 887; x_wconf 83' lang='lat' dir='ltr'>capillos,</span> 
     </span>
    </p>

    <p class='ocr_par' dir='ltr' id='par_1_7' title="bbox 187 900 1246 1203">
     <span class='ocr_line' id='line_1_12' title="bbox 187 900 1163 954; baseline -0.011 -8"><span class='ocrx_word' id='word_1_76' title='bbox 187 907 339 946; x_wconf 86' lang='lat' dir='ltr'>Reddes</span> <span class='ocrx_word' id='word_1_77' title='bbox 357 906 468 944; x_wconf 87' lang='lat' dir='ltr'>dulce</span> <span class='ocrx_word' id='word_1_78' title='bbox 486 904 604 954; x_wconf 86' lang='lat' dir='ltr'>loqui,</span> <span class='ocrx_word' id='word_1_79' title='bbox 624 903 759 940; x_wconf 84' lang='lat' dir='ltr'>reddes</span> <span class='ocrx_word' id='word_1_80' title='bbox 776 902 904 939; x_wconf 88' lang='lat' dir='ltr'>ridere</span> <span class='ocrx_word' id='word_1_81' title='bbox 922 900 1104 937; x_wconf 89' lang='lat' dir='ltr'>decorum</span> <span class='ocrx_word' id='word_1_82' title='bbox 1122 902 1163 937; x_wconf 75' lang='lat' dir='ltr'>et</span> 
     </span>
     <span class='ocr_line' id='line_1_13' title="bbox 187 965 1188 1016; baseline -0.011 -8"><span class='ocrx_word' id='word_1_83' title='bbox 187 971 303 1007; x_wconf 89' lang='lat' dir='ltr'>Inter</span> <span class='ocrx_word' id='word_1_84' title='bbox 319 969 413 1006; x_wconf 84' lang='lat' dir='ltr'>vina</span> <span class='ocrx_word' id='word_1_85' title='bbox 431 967 570 1016; x_wconf 84' lang='lat' dir='ltr'>fugam</span> <span class='ocrx_word' id='word_1_86' title='bbox 590 965 755 1002; x_wconf 83' lang='lat' dir='ltr'>Cinarae</span> <span class='ocrx_word' id='word_1_87' title='bbox 774 975 948 1001; x_wconf 88' lang='lat' dir='ltr'>maerere</span> <span class='ocrx_word' id='word_1_88' title='bbox 967 966 1188 1011; x_wconf 82' lang='lat' dir='ltr'>protervae.</span> 
     </span>
     <span class='ocr_line' id='line_1_14' title="bbox 189 1022 1165 1081; baseline -0.011 -12"><span class='ocrx_word' id='word_1_89' title='bbox 189 1032 305 1069; x_wconf 80' lang='lat' dir='ltr'>Forte</span> <span class='ocrx_word' id='word_1_90' title='bbox 322 1043 392 1081; x_wconf 90' lang='lat' dir='ltr'>per</span> <span class='ocrx_word' id='word_1_91' title='bbox 410 1031 620 1078; x_wconf 88' lang='lat' dir='ltr'>angustam</span> <span class='ocrx_word' id='word_1_92' title='bbox 640 1026 770 1065; x_wconf 86' lang='lat' dir='ltr'>tenuis</span> <span class='ocrx_word' id='word_1_93' title='bbox 795 1023 1002 1074; x_wconf 81' lang='lat' dir='ltr'>volpecula</span> <span class='ocrx_word' id='word_1_94' title='bbox 1020 1022 1165 1060; x_wconf 88' lang='lat' dir='ltr'>rimam</span> 
     </span>
     <span class='ocr_line' id='line_1_15' title="bbox 189 1086 1246 1142; baseline -0.011 -11"><span class='ocrx_word' id='word_1_95' title='bbox 189 1094 382 1142; x_wconf 82' lang='lat' dir='ltr'>Repserat</span> <span class='ocrx_word' id='word_1_96' title='bbox 399 1091 442 1128; x_wconf 89' lang='lat' dir='ltr'>in</span> <span class='ocrx_word' id='word_1_97' title='bbox 460 1101 658 1127; x_wconf 90' lang='lat' dir='ltr'>cumeram</span> <span class='ocrx_word' id='word_1_98' title='bbox 676 1086 880 1133; x_wconf 74' lang='lat' dir='ltr'>frumenti,</span> <span class='ocrx_word' id='word_1_99' title='bbox 898 1088 1091 1135; x_wconf 84' lang='lat' dir='ltr'>pastaque</span> <span class='ocrx_word' id='word_1_100' title='bbox 1109 1093 1246 1120; x_wconf 87' lang='lat' dir='ltr'>rursus</span> 
     </span>
     <span class='ocr_line' id='line_1_16' title="bbox 190 1147 1096 1203; baseline -0.012 -10"><span class='ocrx_word' id='word_1_101' title='bbox 190 1156 256 1192; x_wconf 90' lang='lat' dir='ltr'>Ire</span> <span class='ocrx_word' id='word_1_102' title='bbox 273 1153 380 1192; x_wconf 83' lang='lat' dir='ltr'>foras</span> <span class='ocrx_word' id='word_1_103' title='bbox 397 1153 513 1203; x_wconf 90' lang='lat' dir='ltr'>pleno</span> <span class='ocrx_word' id='word_1_104' title='bbox 533 1151 722 1189; x_wconf 80' lang='lat' dir='ltr'>tendebat</span> <span class='ocrx_word' id='word_1_105' title='bbox 742 1160 900 1198; x_wconf 87' lang='lat' dir='ltr'>corpore</span> <span class='ocrx_word' id='word_1_106' title='bbox 918 1147 1071 1184; x_wconf 79' lang='lat' dir='ltr'>frustra</span> <span class='ocrx_word' id='word_1_107' title='bbox 1085 1159 1096 1194; x_wconf 82' lang='lat'><em>3</em></span> 
     </span>
    </p>

    <p class='ocr_par' dir='ltr' id='par_1_8' title="bbox 190 1206 1307 1387">
     <span class='ocr_line' id='line_1_17' title="bbox 190 1206 1270 1264; baseline -0.011 -10"><span class='ocrx_word' id='word_1_108' title='bbox 190 1216 264 1254; x_wconf 82' lang='lat' dir='ltr'>Oui</span> <span class='ocrx_word' id='word_1_109' title='bbox 282 1215 452 1253; x_wconf 87' lang='lat' dir='ltr'>mustela</span> <span class='ocrx_word' id='word_1_110' title='bbox 470 1213 606 1264; x_wconf 87' lang='lat' dir='ltr'>procul</span> <span class='ocrx_word' id='word_1_111' title='bbox 628 1216 650 1234; x_wconf 87' lang='lat'><strong>“</strong></span> <span class='ocrx_word' id='word_1_112' title='bbox 667 1212 709 1250; x_wconf 81' lang='lat' dir='ltr'>Si</span> <span class='ocrx_word' id='word_1_113' title='bbox 727 1211 788 1249; x_wconf 86' lang='lat' dir='ltr'>vis</span> <span class='ocrx_word' id='word_1_114' title='bbox 799 1210 819 1227; x_wconf 92' lang='lat'>’&#39;</span> <span class='ocrx_word' id='word_1_115' title='bbox 838 1210 897 1247; x_wconf 86' lang='lat' dir='ltr'>ait</span> <span class='ocrx_word' id='word_1_116' title='bbox 917 1208 1123 1257; x_wconf 84' lang='lat' dir='ltr'>“effugere</span> <span class='ocrx_word' id='word_1_117' title='bbox 1141 1206 1270 1252; x_wconf 86' lang='lat' dir='ltr'>istinc,</span> 
     </span>
     <span class='ocr_line' id='line_1_18' title="bbox 191 1266 1307 1325; baseline -0.011 -10"><span class='ocrx_word' id='word_1_118' title='bbox 191 1278 330 1315; x_wconf 88' lang='lat' dir='ltr'>Macra</span> <span class='ocrx_word' id='word_1_119' title='bbox 349 1289 491 1313; x_wconf 88' lang='lat' dir='ltr'>cavum</span> <span class='ocrx_word' id='word_1_120' title='bbox 509 1278 659 1325; x_wconf 86' lang='lat' dir='ltr'>repetes</span> <span class='ocrx_word' id='word_1_121' title='bbox 679 1277 825 1319; x_wconf 89' lang='lat' dir='ltr'>artum,</span> <span class='ocrx_word' id='word_1_122' title='bbox 846 1283 962 1321; x_wconf 91' lang='lat' dir='ltr'>quem</span> <span class='ocrx_word' id='word_1_123' title='bbox 981 1281 1115 1308; x_wconf 89' lang='lat' dir='ltr'>macra</span> <span class='ocrx_word' id='word_1_124' title='bbox 1134 1266 1307 1305; x_wconf 88' lang='lat' dir='ltr'>subisti.&#39;&#39;</span> 
     </span>
     <span class='ocr_line' id='line_1_19' title="bbox 191 1329 1192 1387; baseline -0.011 -11"><span class='ocrx_word' id='word_1_125' title='bbox 191 1339 281 1376; x_wconf 86' lang='lat' dir='ltr'>Hac</span> <span class='ocrx_word' id='word_1_126' title='bbox 298 1350 369 1387; x_wconf 87' lang='lat' dir='ltr'>ego</span> <span class='ocrx_word' id='word_1_127' title='bbox 386 1337 419 1374; x_wconf 87' lang='lat' dir='ltr'>si</span> <span class='ocrx_word' id='word_1_128' title='bbox 436 1336 632 1386; x_wconf 88' lang='lat' dir='ltr'>conpellor</span> <span class='ocrx_word' id='word_1_129' title='bbox 648 1333 831 1383; x_wconf 82' lang='lat' dir='ltr'>imagine,</span> <span class='ocrx_word' id='word_1_130' title='bbox 853 1335 994 1369; x_wconf 87' lang='lat' dir='ltr'>cuncta</span> <span class='ocrx_word' id='word_1_131' title='bbox 1014 1329 1167 1379; x_wconf 89' lang='lat' dir='ltr'>resigno</span> <span class='ocrx_word' id='word_1_132' title='bbox 1184 1341 1192 1366; x_wconf 76' lang='grc' dir='ltr'><strong><em>ε</em></strong></span> 
     </span>
    </p>

    <p class='ocr_par' dir='ltr' id='par_1_9' title="bbox 191 1392 1162 1448">
     <span class='ocr_line' id='line_1_20' title="bbox 191 1392 1162 1448; baseline -0.011 -10"><span class='ocrx_word' id='word_1_133' title='bbox 191 1401 276 1439; x_wconf 89' lang='lat' dir='ltr'>Nec</span> <span class='ocrx_word' id='word_1_134' title='bbox 292 1412 473 1437; x_wconf 89' lang='lat' dir='ltr'>somnum</span> <span class='ocrx_word' id='word_1_135' title='bbox 492 1397 615 1448; x_wconf 86' lang='lat' dir='ltr'>plebis</span> <span class='ocrx_word' id='word_1_136' title='bbox 633 1395 751 1433; x_wconf 86' lang='lat' dir='ltr'>laudo</span> <span class='ocrx_word' id='word_1_137' title='bbox 770 1398 884 1432; x_wconf 87' lang='lat' dir='ltr'>satur</span> <span class='ocrx_word' id='word_1_138' title='bbox 901 1392 1073 1430; x_wconf 85' lang='lat' dir='ltr'>altilium</span> <span class='ocrx_word' id='word_1_139' title='bbox 1091 1403 1162 1429; x_wconf 88' lang='lat' dir='ltr'>nec</span> 
     </span>
    </p>

    <p class='ocr_par' dir='ltr' id='par_1_10' title="bbox 192 1456 1010 1500">
     <span class='ocr_line' id='line_1_21' title="bbox 192 1456 1010 1500; baseline -0.011 -1"><span class='ocrx_word' id='word_1_140' title='bbox 192 1462 284 1500; x_wconf 87' lang='lat' dir='ltr'>Otia</span> <span class='ocrx_word' id='word_1_141' title='bbox 302 1460 448 1498; x_wconf 82' lang='lat' dir='ltr'>divitiis</span> <span class='ocrx_word' id='word_1_142' title='bbox 465 1460 648 1496; x_wconf 79' lang='lat' dir='ltr'>Arabum</span> <span class='ocrx_word' id='word_1_143' title='bbox 667 1456 868 1494; x_wconf 86' lang='lat' dir='ltr'>liberrima</span> <span class='ocrx_word' id='word_1_144' title='bbox 889 1457 1010 1491; x_wconf 90' lang='lat' dir='ltr'>muto.</span> 
     </span>
    </p>

    <p class='ocr_par' dir='ltr' id='par_1_11' title="bbox 194 1518 1171 1630">
     <span class='ocr_line' id='line_1_22' title="bbox 194 1518 1171 1572; baseline -0.01 -12"><span class='ocrx_word' id='word_1_145' title='bbox 194 1523 316 1572; x_wconf 81' lang='lat' dir='ltr'>Saepe</span> <span class='ocrx_word' id='word_1_146' title='bbox 335 1521 596 1559; x_wconf 87' lang='lat' dir='ltr'>verecundum</span> <span class='ocrx_word' id='word_1_147' title='bbox 613 1518 798 1564; x_wconf 86' lang='lat' dir='ltr'>laudasti,</span> <span class='ocrx_word' id='word_1_148' title='bbox 816 1528 961 1565; x_wconf 81' lang='lat' dir='ltr'>rexque</span> <span class='ocrx_word' id='word_1_149' title='bbox 979 1518 1171 1565; x_wconf 87' lang='lat' dir='ltr'>paterque</span> 
     </span>
     <span class='ocr_line' id='line_1_23' title="bbox 194 1577 1103 1630; baseline -0.011 -8"><span class='ocrx_word' id='word_1_150' title='bbox 194 1584 353 1622; x_wconf 87' lang='lat' dir='ltr'>Audisti</span> <span class='ocrx_word' id='word_1_151' title='bbox 371 1596 513 1630; x_wconf 88' lang='lat' dir='ltr'>coram,</span> <span class='ocrx_word' id='word_1_152' title='bbox 534 1594 605 1619; x_wconf 91' lang='lat' dir='ltr'>nec</span> <span class='ocrx_word' id='word_1_153' title='bbox 623 1580 742 1618; x_wconf 89' lang='lat' dir='ltr'>verbo</span> <span class='ocrx_word' id='word_1_154' title='bbox 761 1578 916 1629; x_wconf 88' lang='lat' dir='ltr'>parcius</span> <span class='ocrx_word' id='word_1_155' title='bbox 934 1577 1074 1614; x_wconf 87' lang='lat' dir='ltr'>absens</span> <span class='ocrx_word' id='word_1_156' title='bbox 1096 1589 1103 1613; x_wconf 78' lang='lat' dir='ltr'><strong><em>z</em></strong></span> 
     </span>
    </p>

    <p class='ocr_par' dir='ltr' id='par_1_12' title="bbox 195 1640 1102 1695">
     <span class='ocr_line' id='line_1_24' title="bbox 195 1640 1102 1695; baseline -0.009 -12"><span class='ocrx_word' id='word_1_157' title='bbox 195 1646 348 1695; x_wconf 86' lang='lat' dir='ltr'>Inspice</span> <span class='ocrx_word' id='word_1_158' title='bbox 366 1645 398 1682; x_wconf 90' lang='lat' dir='ltr'>si</span> <span class='ocrx_word' id='word_1_159' title='bbox 416 1657 571 1695; x_wconf 91' lang='lat' dir='ltr'>possum</span> <span class='ocrx_word' id='word_1_160' title='bbox 591 1643 736 1680; x_wconf 87' lang='lat' dir='ltr'>donata</span> <span class='ocrx_word' id='word_1_161' title='bbox 756 1652 943 1690; x_wconf 88' lang='lat' dir='ltr'>reponere</span> <span class='ocrx_word' id='word_1_162' title='bbox 961 1640 1102 1676; x_wconf 85' lang='lat' dir='ltr'>laetus.</span> 
     </span>
    </p>

    <p class='ocr_par' dir='ltr' id='par_1_13' title="bbox 196 1699 1234 1753">
     <span class='ocr_line' id='line_1_25' title="bbox 196 1699 1234 1753; baseline -0.007 -9"><span class='ocrx_word' id='word_1_163' title='bbox 196 1707 317 1744; x_wconf 86' lang='lat' dir='ltr'>Haud</span> <span class='ocrx_word' id='word_1_164' title='bbox 337 1706 439 1743; x_wconf 89' lang='lat' dir='ltr'>male</span> <span class='ocrx_word' id='word_1_165' title='bbox 457 1705 721 1749; x_wconf 86' lang='lat' dir='ltr'>Telemachus,</span> <span class='ocrx_word' id='word_1_166' title='bbox 742 1703 869 1753; x_wconf 83' lang='lat' dir='ltr'>proles</span> <span class='ocrx_word' id='word_1_167' title='bbox 888 1701 1077 1751; x_wconf 86' lang='lat' dir='ltr'>patientis</span> <span class='ocrx_word' id='word_1_168' title='bbox 1096 1699 1209 1738; x_wconf 82' lang='lat' dir='ltr'>Ulixi</span> <span class='ocrx_word' id='word_1_169' title='bbox 1225 1711 1234 1737; x_wconf 76' lang='grc' dir='ltr'><em>τ</em></span> 
     </span>
    </p>

    <p class='ocr_par' dir='ltr' id='par_1_14' title="bbox 197 1759 1318 2181">
     <span class='ocr_line' id='line_1_26' title="bbox 199 1759 1318 1817; baseline -0.01 -11"><span class='ocrx_word' id='word_1_170' title='bbox 199 1771 220 1789; x_wconf 86' lang='grc'>“</span> <span class='ocrx_word' id='word_1_171' title='bbox 233 1768 325 1805; x_wconf 88' lang='lat' dir='ltr'>Non</span> <span class='ocrx_word' id='word_1_172' title='bbox 343 1772 402 1805; x_wconf 83' lang='lat' dir='ltr'>est</span> <span class='ocrx_word' id='word_1_173' title='bbox 422 1771 539 1817; x_wconf 83' lang='lat' dir='ltr'>aptus</span> <span class='ocrx_word' id='word_1_174' title='bbox 558 1766 666 1816; x_wconf 89' lang='lat' dir='ltr'>equis</span> <span class='ocrx_word' id='word_1_175' title='bbox 686 1765 824 1802; x_wconf 88' lang='lat' dir='ltr'>Ithace</span> <span class='ocrx_word' id='word_1_176' title='bbox 842 1764 959 1809; x_wconf 90' lang='lat' dir='ltr'>locus,</span> <span class='ocrx_word' id='word_1_177' title='bbox 981 1766 1027 1800; x_wconf 82' lang='lat' dir='ltr'>ut</span> <span class='ocrx_word' id='word_1_178' title='bbox 1046 1773 1172 1810; x_wconf 89' lang='lat' dir='ltr'>neque</span> <span class='ocrx_word' id='word_1_179' title='bbox 1191 1759 1318 1809; x_wconf 85' lang='lat' dir='ltr'>planis</span> 
     </span>
     <span class='ocr_line' id='line_1_27' title="bbox 198 1823 1216 1878; baseline -0.009 -11"><span class='ocrx_word' id='word_1_180' title='bbox 198 1830 406 1866; x_wconf 83' lang='lat' dir='ltr'>Porrectus</span> <span class='ocrx_word' id='word_1_181' title='bbox 425 1830 562 1878; x_wconf 85' lang='lat' dir='ltr'>spatiis</span> <span class='ocrx_word' id='word_1_182' title='bbox 582 1841 653 1864; x_wconf 86' lang='lat' dir='ltr'>nec</span> <span class='ocrx_word' id='word_1_183' title='bbox 672 1826 823 1864; x_wconf 85' lang='lat' dir='ltr'>multae</span> <span class='ocrx_word' id='word_1_184' title='bbox 842 1825 1027 1875; x_wconf 89' lang='lat' dir='ltr'>prodigus</span> <span class='ocrx_word' id='word_1_185' title='bbox 1045 1823 1191 1861; x_wconf 90' lang='lat' dir='ltr'>herbae</span> <span class='ocrx_word' id='word_1_186' title='bbox 1206 1835 1216 1868; x_wconf 80' lang='lat'><em>3</em></span> 
     </span>
     <span class='ocr_line' id='line_1_28' title="bbox 197 1883 1190 1939; baseline -0.008 -12"><span class='ocrx_word' id='word_1_187' title='bbox 197 1890 350 1937; x_wconf 79' lang='lat' dir='ltr'>Atride,</span> <span class='ocrx_word' id='word_1_188' title='bbox 371 1890 496 1939; x_wconf 85' lang='lat' dir='ltr'>magis</span> <span class='ocrx_word' id='word_1_189' title='bbox 515 1893 610 1939; x_wconf 83' lang='lat' dir='ltr'>apta</span> <span class='ocrx_word' id='word_1_190' title='bbox 629 1888 703 1925; x_wconf 84' lang='lat' dir='ltr'>tibi</span> <span class='ocrx_word' id='word_1_191' title='bbox 723 1891 795 1924; x_wconf 85' lang='lat' dir='ltr'>tua</span> <span class='ocrx_word' id='word_1_192' title='bbox 815 1887 916 1923; x_wconf 90' lang='lat' dir='ltr'>dona</span> <span class='ocrx_word' id='word_1_193' title='bbox 934 1883 1190 1934; x_wconf 83' lang='lat' dir='ltr'>relinquam.⁷&#39;</span> 
     </span>
     <span class='ocr_line' id='line_1_29' title="bbox 199 1944 1307 2000; baseline -0.007 -12"><span class='ocrx_word' id='word_1_194' title='bbox 199 1953 372 1989; x_wconf 82' lang='lat' dir='ltr'>Parvum</span> <span class='ocrx_word' id='word_1_195' title='bbox 392 1964 514 2000; x_wconf 86' lang='lat' dir='ltr'>parva</span> <span class='ocrx_word' id='word_1_196' title='bbox 535 1950 672 1987; x_wconf 85' lang='lat' dir='ltr'>decent</span> <span class='ocrx_word' id='word_1_197' title='bbox 690 1962 697 1986; x_wconf 90' lang='lat'><strong>:</strong></span> <span class='ocrx_word' id='word_1_198' title='bbox 727 1948 823 1984; x_wconf 85' lang='lat' dir='ltr'>mihi</span> <span class='ocrx_word' id='word_1_199' title='bbox 841 1947 920 1983; x_wconf 87' lang='lat' dir='ltr'>iam</span> <span class='ocrx_word' id='word_1_200' title='bbox 940 1959 1019 1983; x_wconf 87' lang='lat' dir='ltr'>non</span> <span class='ocrx_word' id='word_1_201' title='bbox 1038 1946 1146 1994; x_wconf 87' lang='lat' dir='ltr'>regia</span> <span class='ocrx_word' id='word_1_202' title='bbox 1166 1944 1307 1991; x_wconf 82' lang='lat' dir='ltr'>Roma,</span> 
     </span>
     <span class='ocr_line' id='line_1_30' title="bbox 201 2006 1252 2060; baseline -0.009 -10"><span class='ocrx_word' id='word_1_203' title='bbox 201 2013 274 2051; x_wconf 75' lang='lat' dir='ltr'>Sed</span> <span class='ocrx_word' id='word_1_204' title='bbox 293 2025 460 2049; x_wconf 84' lang='lat' dir='ltr'>vacuum</span> <span class='ocrx_word' id='word_1_205' title='bbox 480 2012 603 2048; x_wconf 85' lang='lat' dir='ltr'>Tibur</span> <span class='ocrx_word' id='word_1_206' title='bbox 622 2010 751 2060; x_wconf 85' lang='lat' dir='ltr'>placet</span> <span class='ocrx_word' id='word_1_207' title='bbox 769 2012 841 2045; x_wconf 83' lang='lat' dir='ltr'>aut</span> <span class='ocrx_word' id='word_1_208' title='bbox 860 2007 1004 2044; x_wconf 84' lang='lat' dir='ltr'>inbelle</span> <span class='ocrx_word' id='word_1_209' title='bbox 1023 2006 1252 2043; x_wconf 75' lang='lat' dir='ltr'>Tarentum,</span> 
     </span>
     <span class='ocr_line' id='line_1_31' title="bbox 202 2066 1213 2119; baseline -0.01 -7"><span class='ocrx_word' id='word_1_210' title='bbox 202 2076 394 2112; x_wconf 80' lang='lat' dir='ltr'>Strenuus</span> <span class='ocrx_word' id='word_1_211' title='bbox 415 2077 454 2110; x_wconf 89' lang='lat' dir='ltr'>et</span> <span class='ocrx_word' id='word_1_212' title='bbox 474 2072 590 2110; x_wconf 78' lang='lat' dir='ltr'>fortis</span> <span class='ocrx_word' id='word_1_213' title='bbox 609 2071 811 2119; x_wconf 85' lang='lat' dir='ltr'>causisque</span> <span class='ocrx_word' id='word_1_214' title='bbox 830 2068 1036 2117; x_wconf 85' lang='lat' dir='ltr'>Philippus</span> <span class='ocrx_word' id='word_1_215' title='bbox 1053 2066 1213 2116; x_wconf 84' lang='lat' dir='ltr'>agendis</span> 
     </span>
     <span class='ocr_line' id='line_1_32' title="bbox 202 2130 1108 2181; baseline -0.009 -8"><span class='ocrx_word' id='word_1_216' title='bbox 202 2136 353 2181; x_wconf 83' lang='lat' dir='ltr'>Clarus,</span> <span class='ocrx_word' id='word_1_217' title='bbox 374 2135 425 2171; x_wconf 86' lang='lat' dir='ltr'>ab</span> <span class='ocrx_word' id='word_1_218' title='bbox 445 2134 576 2171; x_wconf 86' lang='lat' dir='ltr'>officiis</span> <span class='ocrx_word' id='word_1_219' title='bbox 596 2137 776 2170; x_wconf 85' lang='lat' dir='ltr'>octavam</span> <span class='ocrx_word' id='word_1_220' title='bbox 796 2131 951 2168; x_wconf 87' lang='lat' dir='ltr'>circiter</span> <span class='ocrx_word' id='word_1_221' title='bbox 970 2130 1108 2166; x_wconf 84' lang='lat' dir='ltr'>horam</span> 
     </span>
    </p>

    <p class='ocr_par' dir='ltr' id='par_1_15' title="bbox 204 2189 1246 2429">
     <span class='ocr_line' id='line_1_33' title="bbox 204 2189 1226 2244; baseline -0.01 -10"><span class='ocrx_word' id='word_1_222' title='bbox 204 2198 311 2235; x_wconf 89' lang='lat' dir='ltr'>Dum</span> <span class='ocrx_word' id='word_1_223' title='bbox 329 2195 431 2233; x_wconf 86' lang='lat' dir='ltr'>redit</span> <span class='ocrx_word' id='word_1_224' title='bbox 451 2199 570 2244; x_wconf 74' lang='lat' dir='ltr'>atque</span> <span class='ocrx_word' id='word_1_225' title='bbox 590 2194 688 2230; x_wconf 85' lang='lat' dir='ltr'>Foro</span> <span class='ocrx_word' id='word_1_226' title='bbox 709 2192 875 2229; x_wconf 88' lang='lat' dir='ltr'>nimium</span> <span class='ocrx_word' id='word_1_227' title='bbox 895 2191 1041 2227; x_wconf 82' lang='lat' dir='ltr'>distare</span> <span class='ocrx_word' id='word_1_228' title='bbox 1061 2189 1226 2227; x_wconf 82' lang='lat' dir='ltr'>Carinas</span> 
     </span>
     <span class='ocr_line' id='line_1_34' title="bbox 205 2250 1246 2306; baseline -0.01 -11"><span class='ocrx_word' id='word_1_229' title='bbox 205 2259 294 2297; x_wconf 90' lang='lat' dir='ltr'>Iam</span> <span class='ocrx_word' id='word_1_230' title='bbox 312 2256 471 2306; x_wconf 75' lang='lat' dir='ltr'>grandis</span> <span class='ocrx_word' id='word_1_231' title='bbox 490 2260 590 2292; x_wconf 84' lang='lat' dir='ltr'>natu</span> <span class='ocrx_word' id='word_1_232' title='bbox 609 2254 800 2304; x_wconf 83' lang='lat' dir='ltr'>queritur,</span> <span class='ocrx_word' id='word_1_233' title='bbox 821 2251 1033 2301; x_wconf 81' lang='lat' dir='ltr'>conspexit,</span> <span class='ocrx_word' id='word_1_234' title='bbox 1054 2254 1100 2288; x_wconf 77' lang='lat' dir='ltr'>ut</span> <span class='ocrx_word' id='word_1_235' title='bbox 1119 2250 1246 2296; x_wconf 85' lang='lat' dir='ltr'>aiunt,</span> 
     </span>
     <span class='ocr_line' id='line_1_35' title="bbox 204 2312 1171 2367; baseline -0.008 -11"><span class='ocrx_word' id='word_1_236' title='bbox 204 2318 404 2357; x_wconf 84' lang='lat' dir='ltr'>Adrasum</span> <span class='ocrx_word' id='word_1_237' title='bbox 423 2316 619 2367; x_wconf 83' lang='lat' dir='ltr'>quendam</span> <span class='ocrx_word' id='word_1_238' title='bbox 638 2328 762 2353; x_wconf 84' lang='lat' dir='ltr'>vacua</span> <span class='ocrx_word' id='word_1_239' title='bbox 781 2316 949 2352; x_wconf 82' lang='lat' dir='ltr'>tonsoris</span> <span class='ocrx_word' id='word_1_240' title='bbox 968 2313 1010 2350; x_wconf 90' lang='lat' dir='ltr'>in</span> <span class='ocrx_word' id='word_1_241' title='bbox 1030 2312 1171 2349; x_wconf 86' lang='lat' dir='ltr'>umbra</span> 
     </span>
     <span class='ocr_line' id='line_1_36' title="bbox 207 2376 1161 2429; baseline -0.006 -12"><span class='ocrx_word' id='word_1_242' title='bbox 207 2380 374 2418; x_wconf 78' lang='lat' dir='ltr'>Cultello</span> <span class='ocrx_word' id='word_1_243' title='bbox 393 2380 567 2429; x_wconf 83' lang='lat' dir='ltr'>proprios</span> <span class='ocrx_word' id='word_1_244' title='bbox 585 2380 821 2427; x_wconf 76' lang='lat' dir='ltr'>purgantem</span> <span class='ocrx_word' id='word_1_245' title='bbox 841 2376 981 2413; x_wconf 82' lang='lat' dir='ltr'>leniter</span> <span class='ocrx_word' id='word_1_246' title='bbox 1000 2387 1161 2423; x_wconf 85' lang='lat' dir='ltr'>ungues.</span> 
     </span>
    </p>
   </div>
   <div class='ocr_carea' id='block_1_3' title="bbox 1410 174 1495 228">
    <p class='ocr_par' dir='ltr' id='par_1_16' title="bbox 1410 174 1495 228">
     <span class='ocr_line' id='line_1_37' title="bbox 1410 174 1495 228; baseline 0.012 -14"><span class='ocrx_word' id='word_1_247' title='bbox 1410 174 1495 228; x_wconf 86' lang='lat' dir='ltr'>[vn.</span> 
     </span>
    </p>
   </div>
   <div class='ocr_carea' id='block_1_4' title="bbox 1453 478 1500 504">
    <p class='ocr_par' dir='ltr' id='par_1_17' title="bbox 1453 478 1500 504">
     <span class='ocr_line' id='line_1_38' title="bbox 1453 478 1500 504; baseline -0.043 0"><span class='ocrx_word' id='word_1_248' title='bbox 1453 478 1500 504; x_wconf 87' lang='lat'>20</span> 
     </span>
    </p>
   </div>
   <div class='ocr_carea' id='block_1_5' title="bbox 1456 785 1500 822">
    <p class='ocr_par' dir='ltr' id='par_1_18' title="bbox 1456 785 1500 822">
     <span class='ocr_line' id='line_1_39' title="bbox 1456 785 1500 822; baseline 0 0"><span class='ocrx_word' id='word_1_249' title='bbox 1456 785 1500 822; x_wconf 89' lang='lat'>25</span> 
     </span>
    </p>
   </div>
   <div class='ocr_carea' id='block_1_6' title="bbox 1457 1094 1506 1130">
    <p class='ocr_par' dir='ltr' id='par_1_19' title="bbox 1457 1094 1506 1130">
     <span class='ocr_line' id='line_1_40' title="bbox 1457 1094 1506 1130; baseline 0 -12"><span class='ocrx_word' id='word_1_250' title='bbox 1457 1094 1506 1130; x_wconf 76' lang='lat'>30</span> 
     </span>
    </p>
   </div>
   <div class='ocr_carea' id='block_1_7' title="bbox 1461 1400 1507 1437">
    <p class='ocr_par' dir='ltr' id='par_1_20' title="bbox 1461 1400 1507 1437">
     <span class='ocr_line' id='line_1_41' title="bbox 1461 1400 1507 1437; baseline 0.022 -1"><span class='ocrx_word' id='word_1_251' title='bbox 1461 1400 1507 1437; x_wconf 82' lang='lat'>35</span> 
     </span>
    </p>
   </div>
   <div class='ocr_carea' id='block_1_8' title="bbox 1461 1709 1511 1742">
    <p class='ocr_par' dir='ltr' id='par_1_21' title="bbox 1461 1709 1511 1742">
     <span class='ocr_line' id='line_1_42' title="bbox 1461 1709 1511 1742; baseline 0 -9"><span class='ocrx_word' id='word_1_252' title='bbox 1461 1709 1511 1742; x_wconf 91' lang='lat'>40</span> 
     </span>
    </p>
   </div>
   <div class='ocr_carea' id='block_1_9' title="bbox 1467 2013 1514 2051">
    <p class='ocr_par' dir='ltr' id='par_1_22' title="bbox 1467 2013 1514 2051">
     <span class='ocr_line' id='line_1_43' title="bbox 1467 2013 1514 2051; baseline 0.043 -2"><span class='ocrx_word' id='word_1_253' title='bbox 1467 2013 1514 2051; x_wconf 83' lang='lat'>45</span> 
     </span>
    </p>
   </div>
   <div class='ocr_carea' id='block_1_10' title="bbox 1472 2321 1520 2357">
    <p class='ocr_par' dir='ltr' id='par_1_23' title="bbox 1472 2321 1520 2357">
     <span class='ocr_line' id='line_1_44' title="bbox 1472 2321 1520 2357; baseline 0 -13"><span class='ocrx_word' id='word_1_254' title='bbox 1472 2321 1520 2357; x_wconf 74' lang='lat'>50</span> 
     </span>
    </p>
   </div>
  </div>
 </body>
</html>
