1701 2605
270 159 319 197 32
846 165 1014 193 nomen.

270 261 370 299 Cum
387 259 504 298 semel
519 258 668 309 accepit
688 259 816 297 Solem
834 256 1073 294 furibundus
1090 256 1282 295 acutum'l

269 323 343 361 Est
361 323 428 360 ubi
446 322 608 360 divellat
627 332 780 358 somnos
798 320 927 357 minus
945 319 1079 356 invida
1097 319 1219 355 cura?
1311 360 1315 375 1
1334 351 1336 353 ,

271 384 457 423 Deterius
476 383 629 432 Libycis
648 382 727 419 olet
745 385 817 418 aut
836 380 938 418 nitet
957 379 1079 417 herba
1099 378 1258 428 lapillis?
1272 379 1295 433 *gf
1316 381 1318 385 '

270 445 412 483 Purior
430 445 472 482 in
490 444 584 481 vicis
603 456 706 492 aqua
724 442 852 480 tendit
872 454 1053 491 rumpere
1072 441 1289 490 plumbum,

270 508 398 552 Quam
418 519 519 556 quae
537 518 605 555 per
623 518 791 555 pronum
811 504 983 553 trepidat
1001 517 1089 540 cum
1109 513 1312 539 murmure
1328 500 1460 539 rivum
1471 501 1489 553 3,
1505 529 1508 536 ,

1330 548 1349 552 -
1362 543 1458 552 ,.,-.-—-

269 569 424 618 Nempe
442 568 547 605 inter
564 566 696 603 varias
713 566 895 603 nutritur
913 565 1011 602 silva
1030 564 1242 610 columnas,

271 629 556 678 Laudaturque
574 628 722 673 domus,
742 627 877 676 longos
895 638 998 675 quae
1015 624 1200 674 prospicit
1219 635 1344 673 agros.

269 691 471 728 Naturam
490 688 658 738 expelles
674 687 798 733 furca,
818 692 954 724 tamen
973 698 1096 735 usque
1113 688 1299 733 recurret,

270 752 326 789 Et
343 751 449 788 mala
467 752 697 800 perrumpet
714 748 855 785 furtim
874 747 1037 785 fastidia
1055 746 1209 784 victrix.

270 814 362 852 Non
383 813 451 861 qui
472 811 628 849 Sidonio
647 811 882 848 contendere
901 809 1064 846 callidus
1082 813 1190 846 ostro

267 874 406 914 Nescit
422 874 665 923 Aquinatem
681 871 864 922 potantia
882 871 1026 908 vellera
1045 871 1181 908 fucum

271 937 428 974 Certius
445 936 608 985 accipiet
627 935 817 971 damnum
837 934 1043 983 propiusve
1062 931 1253 977 medullis,

271 999 398 1043 Quam
414 997 483 1047 qui
501 1009 579 1033 non
599 996 744 1046 poterit
762 1008 854 1032 vero
872 995 1113 1044 distinguere
1131 994 1286 1032 falsum.

270 1060 395 1104 Quem
414 1071 476 1096 res
494 1058 582 1108 plus
600 1057 720 1094 nimio
738 1056 976 1093 delectavere
995 1055 1198 1102 secundae,

272 1121 460 1159 Mutatae
479 1120 674 1169 quatient.
733 1118 866 1168 Siquid
888 1118 1092 1163 mirabere,
1113 1128 1232 1167 pones

271 1182 441 1220 Invitus.
498 1181 607 1230 Fuge
625 1192 793 1230 magna:
823 1180 913 1217 licet
931 1180 1004 1216 sub
1023 1191 1196 1228 paupere
1215 1180 1319 1216 tecto

272 1245 399 1293 Reges
416 1246 458 1280 et
476 1255 614 1292 regum
633 1242 719 1279 vita
738 1253 991 1291 praecurrere
1009 1241 1163 1278 amicos.

270 1304 420 1341 Cervus
437 1316 580 1353 equum
597 1316 731 1353 pugna
750 1302 886 1339 melior
905 1301 1176 1338 communibus
1193 1299 1324 1338 herbis

271 1366 461 1412 Pellebat,
481 1366 602 1402 donec
620 1366 746 1402 minor
764 1365 805 1401 in
823 1363 1037 1401 certamine
1057 1364 1171 1413 longo

271 1428 494 1477 Inploravit
513 1439 603 1476 opes
621 1425 790 1463 hominis
808 1425 1043 1473 frenumque
1063 1424 1207 1473 recepit
1221 1435 1234 1471 3

273 1489 349 1528 Sed
367 1494 574 1539 postquam
584 1489 708 1526 victor
720 1486 874 1524 violens
886 1485 1066 1522 discessit
1079 1484 1130 1521 ab
1144 1485 1269 1532 hoste,

273 1551 365 1589 Non
386 1551 557 1599 equitem
576 1549 699 1595 dorso,
717 1560 797 1585 non
817 1553 975 1585 frenum
995 1546 1152 1596 depulit
1169 1558 1246 1585 ore.

273 1613 336 1651 Sic
355 1612 423 1662 qui
442 1611 669 1662 pauperiem
687 1610 837 1646 veritus
855 1610 1004 1658 potiore
1022 1608 1192 1645 metallis

272 1675 474 1713 Libertate
492 1677 612 1718 caret,
633 1672 833 1709 dominum
852 1671 961 1708 vehit
978 1671 1166 1719 inprobus
1183 1673 1306 1719 atque

273 1736 426 1775 Serviat
444 1739 665 1779 aeternum,
684 1733 777 1782 quia
797 1745 918 1781 parvo
936 1731 1081 1768 nesciet
1100 1731 1170 1768 uti.

272 1797 346 1836 Oui
366 1810 445 1834 non
463 1795 667 1833 conveniet
685 1807 756 1831 sua
776 1806 849 1840 res,
868 1797 914 1830 ut
933 1793 1084 1830 calceus
1101 1792 1206 1839 olim,

276 1858 316 1896 Si
335 1858 431 1908 pede
449 1858 572 1894 maior
590 1856 678 1902 erit,
698 1855 913 1900 subvertet,
929 1855 961 1890 si
980 1853 1118 1899 minor,
1139 1856 1240 1890 uret.

275 1921 422 1958 Laetus
439 1924 542 1955 sorte
560 1921 633 1954 tua
650 1917 757 1953 vives
774 1916 983 1964 sapienter,
1002 1913 1144 1961 Aristi,

271 1982 356 2020 Nec
374 1993 435 2017 me
454 1979 627 2016 dimittes
644 1977 935 2026 incastigatum,
954 1975 1023 2012 ubi
1040 1975 1156 2024 plura

273 2045 430 2092 Cogere,
450 2054 570 2091 quam
589 2039 685 2077 satis
703 2044 772 2085 est,
794 2051 840 2074 ac
857 2050 937 2074 non
955 2049 1101 2074 cessare
1119 2036 1288 2074 videbor.

272 2107 451 2154 Imperat
469 2108 540 2140 aut
559 2102 681 2139 servit
699 2101 859 2137 collecta
876 2099 1041 2148 pecunia
1060 2098 1210 2147 cuique,

273 2168 437 2206 Tortum
457 2165 575 2213 digna
594 2163 701 2212 sequi
721 2163 852 2212 potius
870 2173 990 2210 quam
1009 2160 1147 2196 ducere
1167 2159 1314 2196 funem.

275 2229 387 2267 Haec
404 2227 476 2263 tibi
494 2225 691 2261 dictabam
711 2227 799 2272 post
817 2221 953 2258 fanum
974 2225 1090 2270 putre
1108 2220 1309 2266 Vacunae,

275 2289 450 2338 Excepto
468 2286 570 2337 quod.
587 2297 666 2321 non
685 2283 801 2321 simul
819 2295 930 2328 esses,
949 2286 1080 2318 cetera
1098 2281 1240 2317 laetus.

1539 452 1588 478 20

1542 757 1624 796 25·

1540 1067 1592 1105 30

1543 1373 1590 1412 35

1541 1682 1593 1716 40

1542 1985 1590 2023 45

1542 2290 1593 2330 50
