1701 2605
147 189 223 227 126
721 197 903 224 HORACE.

197 292 379 331 Maxima
399 305 493 343 pars
509 295 666 345 Vvatum,
687 294 803 341 pater
822 293 863 328 et
882 290 1046 328 iuvenes
1066 292 1181 340 patre
1203 288 1327 338 digni,

146 358 382 408 Decipimur
402 356 529 408 specie
549 356 657 394 recti.
715 355 856 393 Brevis
876 368 961 392 esse
982 354 1133 399 laboro,

147 423 353 461 Obscurus
372 421 446 467 fio;
478 423 698 458 sectantem
718 419 820 457 levia
839 419 952 456 nervi
1049 420 1053 421 ⁷

145 486 350 524 Deficiunt
370 485 595 534 animique3
627 483 836 534 professus
859 482 1029 532 grandia
1047 485 1209 531 turget;

149 551 282 601 Serpit
301 549 415 586 humi
434 552 550 586 tutus
570 549 743 586 nimium
762 548 1015 597 timidusque
1033 545 1254 597 procellae;

138 615 228 675 {Qui
246 614 400 652 variare
420 614 532 664 cupit
551 627 636 651 rem
655 612 935 664 prodigialiter
957 624 1094 656 unam,

147 680 397 731 Delphinum
418 679 527 717 silvis
548 677 745 728 appingit,
767 677 958 714 fluctibus
978 689 1133 727 aprum.

149 746 200 782 In
220 744 368 782 vitium
389 743 501 781 ducit
521 742 660 793 culpae
679 742 790 790 fuga,
813 742 846 778 si
866 745 975 779 caret
995 743 1091 778 arte.

135 831 145 835 -
200 809 421 848 Aemilium
441 807 545 845 circa
563 806 709 844 ludum
729 806 844 843 faber
864 806 969 842 imus
989 808 1031 842 et
1050 816 1207 853 ungues

150 874 360 925 Exprimet
379 876 419 911 et
437 871 577 909 molles
596 870 824 908 imitabitur
844 882 932 907 aere
951 868 1128 919 capillos,

150 939 299 977 Infelix
319 937 450 989 operis
473 949 643 981 summa,
665 935 761 985 quia
780 947 927 985 ponere
946 937 1082 971 totum

150 1000 332 1039 Nesciet:
363 1000 471 1037 hunc
490 1011 563 1048 ego
582 1010 657 1042 me,
680 997 714 1035 si
734 996 834 1047 quid
853 1008 1089 1046 componere
1108 1007 1254 1038 curem,

151 1066 245 1104 Non
264 1064 393 1114 magis
414 1076 499 1101 esse
518 1062 639 1100 velim
659 1074 782 1111 quam
801 1074 899 1097 naso
919 1060 1050 1097 vivere
1069 1072 1206 1110 pravo,

153 1129 425 1180 Spectandum
445 1127 571 1177 nigris
592 1125 717 1164 oculis
737 1125 933 1175 nigroque
952 1123 1106 1174 capillo.

206 1194 361 1232 Sumite
380 1192 592 1230 materiam
611 1191 768 1234 vestris,
791 1190 860 1240 qui
881 1188 1067 1232 scribitis,
1088 1199 1258 1237 aequam

151 1258 330 1302 Viribus,
351 1261 392 1295 et
411 1260 567 1294 versate
587 1255 670 1299 diu,
691 1254 790 1304 quid
809 1255 914 1292 ferre
934 1255 1128 1303 recusent,

153 1323 262 1370 Quid
280 1322 441 1359 valeant
459 1320 599 1358 umeri.
657 1319 733 1358 Cui
751 1318 854 1357 lecta
874 1320 1058 1368 potenter
1077 1316 1154 1354 erit
1172 1328 1246 1359 res,

152 1388 237 1426 Nec
256 1385 448 1424 facundia
467 1385 622 1423 deseret
640 1384 747 1421 hunc
766 1396 837 1420 nec
856 1382 1013 1419 lucidus
1035 1380 1142 1418 ordoss

194 1449 370 1490 'Ordinis
390 1451 486 1488 haec
504 1449 634 1486 virtus
654 1448 731 1486 erit
750 1450 791 1485 et
810 1460 947 1489 venus,
969 1449 1040 1483 aut
1059 1458 1132 1495 ego
1153 1443 1287 1487 fallor,

152 1518 211 1555 Ut
230 1516 310 1553 iam
330 1528 437 1552 nunc
456 1514 565 1551 dicat
584 1513 664 1550 iam
685 1525 792 1549 1111110
812 1510 999 1548 debentia
1020 1509 1109 1553 dici,

153 1580 350 1630 Pleraque
370 1578 533 1616 differat
551 1580 592 1615 et
610 1589 799 1627 praesens
821 1576 865 1612 in
884 1578 1045 1624 tempus
1066 1572 1241 1610 omittat.

205 1645 257 1682 In
275 1642 407 1681 verbis
427 1641 550 1679 etiam
568 1641 701 1678 tenuis
721 1643 944 1688 cautusque
965 1636 1141 1675 serendis

154 1710 244 1746 Hoc
263 1710 381 1751 amet,
403 1707 477 1744 hoc
497 1709 661 1756 spernat
681 1703 870 1760 promissi
890 1702 1077 1740 carminis
1098 1703 1248 1738 auctor.

155 1772 314 1811 Dixeris
333 1770 501 1821 egregie,
522 1773 665 1807 notum
686 1769 719 1806 si
740 1768 885 1805 callida
904 1758 1071 1803 verbum
1183 1774 1187 1775 ⁷

154 1836 392 1874 Reddiderit
411 1835 598 1872 iunctura
618 1847 778 1871 novum.
839 1832 881 1869 Si
899 1832 1005 1868 forte
1025 1841 1183 1867 necesse
1202 1832 1261 1866 est

155 1900 321 1939 Iudiciis
342 1902 566 1936 monstrare
586 1897 813 1935 recentibus
834 1895 973 1933 abdita
992 1906 1137 1937 rerum,
1159 1896 1199 1930 et

154 1966 325 2014 Fingere
345 1963 533 2001 cinctutis
552 1974 633 1999 non
653 1960 843 1999 exaudita
861 1958 1048 2007 Cethegis

156 2028 386 2077 Continget„
407 2026 651 2075 dabiturque
669 2024 831 2062 licentia
851 2026 1013 2073 sumpta
1031 2021 1241 2071 pudenter,

155 2095 210 2131 Et
230 2106 333 2130 nova
353 2092 526 2141 fictaque
544 2104 673 2142 nuper
693 2088 902 2126 habebunt
924 2086 1044 2124 verba
1064 2085 1195 2128 fidem,
1218 2083 1250 2120 si

157 2159 309 2196 Graeco
329 2158 441 2194 fonte
461 2156 606 2193 cadent
625 2167 741 2206 parce
762 2153 930 2190 detorta.
988 2149 1097 2197 Quid
1117 2151 1252 2185 autem

157 2221 328 2260 Caecilio
348 2220 576 2270 Plautoque
597 2219 711 2256 dabit
730 2218 949 2259 Romanus,
972 2214 1207 2263 ademptum

158 2284 335 2334 Vergilio
356 2284 588 2334 Varioque?
646 2283 733 2330 Ego
754 2294 835 2324 cur,
856 2278 1066 2329 adquirere
1086 2289 1213 2327 pauca

160 2350 202 2387 Si
221 2362 398 2400 possum,
419 2347 610 2391 invideor,
631 2359 722 2384 011111
742 2345 881 2393 lingua
900 2341 1065 2381 Catonis
1084 2344 1124 2378 et
1145 2339 1252 2377 Enni

1430 364 1472 400 25

1427 687 1475 722 30

1431 1003 1474 1040 35

1427 1326 1478 1361 40

1426 1644 1473 1680 45

1433 1967 1479 2001 50

1433 2286 1477 2324 55
