1701 2605
149 156 239 210 vu]
618 166 809 203 EPISTLES,
840 167 945 193 BOOK
973 166 1002 193 1.
1075 181 1077 183 -
1423 159 1469 195 20

150 263 176 284 “
191 260 410 307 Demetri‚”
431 259 548 312 (puer
567 259 631 297 hio
651 272 730 297 non
749 259 861 296 laeve
879 258 985 296 iussa
1004 258 1178 310 Philippi

148 323 397 373 Accipiebat)
418 325 441 343 “
453 321 546 367 Abi,
567 333 712 371 quaere
731 325 772 357 et
793 320 906 366 refer,
929 320 1032 357 unde
1051 320 1174 368 domo,
1194 321 1292 371 quis,

150 384 272 422 Cuius
289 384 488 429 fortunae,
510 396 588 433 quo
606 383 659 420 sit
678 387 792 432 patre
810 394 934 431 quove
954 381 1157 431 patrono.’'

149 446 205 492 It,
223 446 328 483 redit
345 450 386 483 et
405 450 554 492 narrat,
578 444 785 481 Vulteium
807 443 963 481 nomine
984 443 1157 490 Menam,
1423 456 1442 494 5
1452 456 1469 493 5

149 507 402 553 Praeconem,
423 506 536 543 tenui
554 517 683 550 ceum,
704 505 788 542 sine
806 504 981 550 crimine,
1002 508 1141 541 notum

149 569 206 606 Et
223 580 434 619 properare
451 567 534 605 loco
551 571 592 604 et
610 579 761 603 cessare
781 570 822 602 et
840 577 1029 615 quaerere
1047 569 1087 602 et
1107 565 1184 612 uti,

150 630 401 669 Gaudentem
419 629 629 679 parvisque
647 628 844 666 sodalibus
862 632 903 665 et
921 627 1004 665 lare
1023 631 1130 665 certo

150 693 206 730 Et
224 692 327 730 ludis
345 696 387 729 et
404 695 493 743 post
512 691 637 728 decisa
658 690 818 740 negotia
839 690 996 739 CampO.

152 757 176 775 “
196 753 340 791 Scitari
357 753 455 790 libet
474 765 523 789 ex
540 752 624 802 ipso
643 752 914 801 quodcumque
934 750 1057 788 refers
1075 763 1083 788 :
1113 750 1184 797 dic,
1425 753 1474 788 60

149 815 217 854 Ad
235 828 370 853 cenam
390 814 558 852 veniat.’'
613 814 706 851 Non
725 826 820 850 sane
839 813 992 850 credere
1014 813 1144 858 Mena,

151 878 294 916 Mirari
311 890 442 916 secum
462 876 621 914 tacitus.
679 875 781 920 Quid
802 875 930 912 multa
945 877 958 912 2
1015 878 1037 895 “
1055 873 1231 923 Benigne
1246 873 1265 890 '¹

151 940 387 990 Respondet.
446 942 469 960 “
483 939 615 988 Neget
633 938 700 976 ille
720 938 816 975 mihi
831 939 843 974 ’.ἱ
856 937 875 952 ”
932 939 955 957 “
971 937 1106 985 Negat
1127 936 1314 984 inprobus
1334 939 1373 973 et
1389 939 1428 972 te

150 1002 332 1052 Negligit
350 1005 424 1039 aut
442 1000 611 1038 horret.'’
667 1000 877 1037 Vulteium
896 1011 1013 1036 mane
1034 998 1240 1047 Philippus

152 1064 261 1101 Vilia
280 1063 516 1101 vendentem
536 1062 716 1099 tunicato
736 1066 870 1099 scruta
890 1061 1041 1111 popello
1428 1062 1473 1108 65

152 1126 329 1175 Occupat
347 1128 389 1162 et
407 1123 558 1161 salvere
577 1123 688 1160 iubet
707 1123 814 1172 prior
829 1136 840 1169 3
868 1122 932 1159 ille
953 1121 1135 1171 Philippo

152 1187 353 1225 Excusare
371 1186 544 1223 laborem
564 1188 606 1222 et
625 1184 895 1222 mercennaria
915 1183 1056 1230 vincla,

152 1248 265 1294 Quod
284 1261 364 1285 non
383 1259 500 1284 mane
519 1246 678 1284 domum
697 1245 878 1291 venisset,
899 1244 1066 1294 denique
1084 1244 1187 1294 quod
1207 1256 1286 1281 non

153 1309 393 1349 Providisset
412 1322 515 1347 eum.
573 1311 595 1329 “
610 1308 673 1346 Sic
693 1307 885 1357 ignovisse
905 1311 1047 1357 putato

153 1371 222 1409 Me
240 1371 326 1416 tibi,
346 1371 379 1408 si
397 1383 514 1408 cenas
531 1370 645 1407 hodie
664 1369 851 1407 mecum.’'
909 1372 931 1389 “
948 1369 1009 1406 Ut
1028 1366 1160 1405 libet.”
1217 1370 1239 1388 “
1255 1367 1361 1416 Ergo
1431 1378 1478 1414 70

153 1433 250 1472 Post
268 1445 416 1470 nonam
435 1432 567 1469 venies
582 1445 592 1479 3
621 1444 727 1468 nunc
747 1430 771 1476 i,
793 1443 876 1467 rem
895 1434 1081 1467 strenuus
1099 1428 1232 1478 auge.’'

153 1495 216 1534 Ut
233 1500 400 1532 ventum
419 1494 470 1531 ad
488 1497 676 1539 cenamst,
698 1492 860 1529 dicenda
880 1492 1044 1529 tacenda
1065 1491 1218 1528 locutus

152 1555 328 1595 Tandem
346 1555 558 1593 dormitum
579 1554 805 1591 dimittitur.
864 1554 943 1590 Hic
961 1553 1029 1590 ubi
1046 1565 1161 1602 Saepe

155 1617 363 1656 Occultum
380 1617 487 1653 visus
505 1616 710 1653 decurrere
729 1615 843 1664 piscis
861 1615 910 1651 ad
930 1615 1105 1660 hamum,

155 1679 277 1718 Mane
294 1678 414 1716 cliens
432 1682 472 1715 et
491 1677 570 1715 iam
586 1681 717 1714 certus
736 1676 914 1722 conviva,
934 1676 1094 1712 iubetur
1432 1684 1450 1722 7
1459 1686 1476 1722 5

156 1741 270 1779 Rura
287 1740 518 1777 suburbana
537 1738 694 1775 indictis
712 1750 837 1775 comes
856 1737 913 1774 ire
935 1736 1090 1773 Latinis
1106 1747 1114 1772 :

155 1802 359 1852 Inpositus
378 1800 533 1838 mannis
552 1812 691 1836 arvum
712 1798 941 1848 caelumque
961 1798 1153 1835 Sabinum

155 1863 248 1901 Non
267 1866 392 1900 cessat
410 1861 582 1899 laudare.
641 1860 762 1897 Videt
783 1860 960 1908 ridetque
981 1859 1198 1907 Philippus,

154 1925 211 1962 Et
228 1924 302 1962 sibi
321 1923 414 1960 dum
434 1923 621 1973 requiem,
642 1921 734 1958 dum
754 1921 854 1958 risus
874 1920 1046 1968 undique
1065 1918 1233 1968 quaerit,

156 1987 264 2025 Dum
283 1990 432 2035 septem
452 1985 574 2022 donat
592 1985 785 2030 sestertia,
803 1988 944 2020 mutua
964 1987 1111 2031 septem
1431 1981 1478 2016 80

155 2047 375 2093 Promittit,
395 2046 607 2096 persuadet
626 2045 685 2081 uti
708 2049 903 2081 mercetur
923 2043 1107 2092 agellum.

158 2109 374 2147 Mereatur.
430 2107 494 2145 Ne
512 2112 553 2144 te
573 2106 697 2155 longis
715 2105 948 2153 ambagibus
969 2104 1076 2139 ultra.

157 2171 285 2216 Quam
304 2169 401 2206 satis
419 2173 479 2206 eet
498 2181 625 2205 moror
643 2180 650 2204 :
681 2180 727 2204 ex
749 2167 872 2204 nitido
893 2167 934 2202 fit
958 2165 1126 2201 rusticus
1146 2168 1268 2213 atque

158 2231 294 2269 Sulcos
310 2235 351 2267 et
370 2230 504 2267 vineta
523 2233 658 2279 crepat
679 2241 798 2273 mera,
821 2231 1033 2276 praeparat
1055 2225 1188 2271 ulmos,

159 2292 381 2331 Inmoritur
398 2292 538 2329 studiis
557 2295 597 2328 et
617 2302 748 2328 amore
768 2289 933 2326 senescit
955 2287 1133 2324 habendi.
1428 2285 1450 2321 8
1456 2295 1474 2332 5

157 2353 312 2391 Verum
332 2352 401 2389 ubi
419 2364 508 2389 oves
527 2352 648 2399 furto,
668 2351 803 2388 morbo
821 2349 970 2399 periere
988 2347 1171 2398 capellae,
