1701 2605
186 200 263 239 134
771 209 953 240 Holmon.

183 304 259 341 Vel
277 304 347 354 qui
366 307 593 355 praetextas
613 304 676 342 vel
696 304 767 354 qui
786 304 955 342 docuere
974 307 1146 354 togatas.

182 368 266 406 Nec
285 368 436 406 virtute
457 368 564 406 foret
583 368 749 406 clarisve
769 369 976 419 potentius
998 368 1120 406 armis

183 431 316 478 Quam
335 431 474 481 lingua
493 432 670 477 Latium,
692 432 725 470 si
743 445 824 470 non
843 433 1064 471 offenderet
1082 446 1210 470 unum

183 495 393 546 Quemque
413 499 624 547 poetarum
643 496 762 534 limae
781 496 895 534 labor
914 500 954 534 et
972 510 1095 534 mora.
1153 497 1247 541 Vos,
1268 510 1291 534 0

182 560 409 610 Pompilius
430 560 606 610 sanguis,
627 573 787 598 carmen
807 561 1098 611 reprehendite,
1120 561 1230 611 quod
1249 574 1332 598 non

182 623 320 661 Multa
339 624 424 662 dies
443 628 484 662 et
502 624 633 662 multa
652 624 776 662 litura
795 624 970 662 coercuit
990 627 1112 674 atque

182 688 442 726 Praesectum
462 689 619 726 deciens
643 702 724 726 non
744 689 960 738 castigavit
979 689 1031 726 ad
1050 702 1241 738 unguem.

234 752 451 802 Ingenium
473 753 619 790 misera
639 753 734 803 quia
753 753 1005 791 fortunatius
1025 756 1111 791 arte

181 816 320 854 Credit
339 820 379 854 et
398 817 574 855 excludit
594 830 712 855 sanos
733 817 927 855 Helicone
946 820 1084 868 poetas

182 881 452 926 Democritus,
473 882 580 919 bona
598 895 692 932 pars
713 895 793 919 non
813 895 968 931 ungues
988 895 1135 932 ponere
1155 885 1282 926 curat,

180 946 274 983 Non
293 946 474 991 barbam,
497 949 647 984 secreta
666 946 769 997 petit
787 946 885 990 loca,
906 946 1050 983 balnea
1069 946 1183 983 vitat.

181 1009 453 1047 Nanciscetur
471 1010 578 1047 enim
598 1010 773 1061 pretium
793 1022 1017 1060 nomenque
1036 1013 1188 1060 poetae,

182 1073 224 1110 Si
244 1073 378 1111 tribus
397 1073 604 1124 Anticyris
625 1077 747 1124 caput
765 1073 990 1111 insanabile
1008 1087 1233 1124 numquam

180 1138 348 1175 Tonsori
368 1138 508 1176 Licino
528 1138 783 1176 commiserit.
842 1138 875 1176 O
895 1151 968 1187 ego
987 1138 1136 1183 laevus,

181 1201 262 1248 Qui
281 1215 433 1253 purgor
452 1202 573 1240 bilem
594 1203 669 1239 sub
689 1202 803 1240 verni
822 1202 1013 1253 temporis
1033 1202 1197 1240 horam!

185 1266 279 1304 Non
299 1265 402 1303 alius
422 1266 571 1304 faceret
591 1266 756 1304 meliora
774 1270 981 1317 poemata:
1013 1279 1152 1304 verum

182 1329 253 1368 Nil
272 1330 379 1367 tanti
398 1333 469 1368 est.
527 1331 636 1379 Ergo
656 1331 806 1380 fungar
825 1331 909 1368 vice
929 1331 1041 1375 cotis,
1062 1334 1226 1368 acutum

180 1393 363 1431 Reddere
385 1407 487 1444 quae
506 1394 661 1431 ferrum
681 1395 798 1439 valet,
819 1408 955 1432 exsors
976 1395 1064 1445 ipsa
1085 1395 1265 1433 secandi:

182 1458 336 1495 Munus
356 1461 397 1495 et
417 1458 602 1503 officium,
623 1458 681 1495 nil
702 1459 879 1496 scribens
900 1459 996 1509 ipse,
1018 1459 1179 1503 docebo,

180 1522 300 1559 Unde
319 1525 515 1572 parentur
534 1536 640 1573 opes,
662 1523 763 1572 quid
781 1523 864 1560 alat
884 1523 1112 1573 formetque
1131 1526 1304 1573 poetam,

183 1582 296 1630 Quid
315 1583 464 1628 deceat,
485 1583 585 1633 quid
603 1596 696 1628 11011,
718 1597 797 1634 quo
817 1583 959 1627 virtus,
982 1597 1063 1633 quo
1082 1584 1189 1621 ferat
1208 1597 1329 1621 error.

238 1647 447 1684 Scribendi
467 1651 572 1686 recte
593 1661 730 1698 sapere
748 1651 810 1685 est
829 1651 869 1685 et
888 1647 1135 1698 principium
1155 1650 1195 1685 et
1214 1648 1317 1684 fons.

181 1711 284 1748 Rem
305 1711 381 1748 tibi
403 1712 627 1750 Socraticae
646 1715 840 1762 poterunt
859 1712 1068 1750 ostendere
1087 1712 1261 1756 chartae,

185 1775 398 1824 Verbaque
418 1776 621 1826 provisam
641 1789 725 1814 rein
743 1790 825 1813 non
845 1776 975 1813 invita
995 1780 1224 1826 sequentur.

184 1838 265 1885 Qui
284 1838 437 1883 didicit,
458 1840 614 1889 patriae
635 1840 733 1890 quid
754 1840 897 1877 debeat
916 1843 956 1877 et
975 1840 1074 1889 quid
1093 1839 1243 1884 amicis,

183 1902 273 1949 Quo
290 1903 343 1940 sit
362 1916 496 1941 amore
515 1917 673 1954 pareHS,
695 1917 774 1954 quo
794 1904 921 1941 frater
941 1904 1139 1940 amandus
1158 1907 1199 1941 et
1218 1903 1375 1954 hospes,

184 1966 303 2013 Quod
323 1967 376 2003 sit
395 1968 621 2018 conscripti,
644 1968 753 2018 quod
773 1968 916 2005 iudicis
936 1968 1120 2012 officium,
1143 1981 1245 2017 quae

184 2031 329 2068 Partes
349 2031 390 2067 in
411 2032 561 2069 bellum
581 2032 695 2069 missi
714 2032 838 2077 ducis,
861 2032 926 2070 ille
946 2032 1128 2082 profecto

185 2095 366 2133 Reddere
386 2109 579 2146 personae
600 2097 675 2133 scit
693 2096 969 2134 convenientia
989 2096 1141 2145 cuique.

204 2159 397 2210 'tespicere
416 2160 618 2210 exemplar
639 2161 745 2198 vitae
764 2174 1001 2210 morumque
1021 2160 1166 2198 iubebo

185 2223 362 2261 Doctum
382 2223 631 2262 imitatorem
651 2228 691 2262 et
710 2225 822 2263 vivas
842 2225 935 2262 hinc
955 2225 1097 2262 ducere
1120 2238 1243 2262 voces.

185 2287 399 2324 Interdum
420 2288 596 2338 speciosa
616 2289 711 2326 locis
732 2293 965 2339 morataque
985 2292 1088 2326 recte

186 2351 344 2389 Fabula
363 2352 514 2389 nullius
536 2353 700 2397 veneris,
723 2353 806 2390 sinc
826 2353 1001 2403 pondere
1020 2356 1060 2390 et
1078 2356 1175 2397 arte,

1433 446 1507 480 290

1433 766 1503 801 295

1434 1088 1506 1122 300

1434 1408 1503 1443 305

1434 1725 1507 1759 3ยน0

1434 2045 1502 2080 315

1435 2365 1509 2402 320
