1701 2605
679 200 758 225 Ans
790 200 981 226 POETICA.
1418 189 1490 228 135

155 290 326 330 Valdius
347 292 522 330 oblectat
542 291 741 342 populum
760 291 986 342 meliusque
1006 295 1188 329 moratur

157 355 292 403 Quam
310 369 449 395 versus
469 356 608 407 inopes
628 368 763 393 reriun
783 368 995 405 nugaeque
1015 368 1198 393 canorae.

211 420 332 459 Grais
352 420 573 470 ingenium,
595 419 715 458 Grais
735 419 848 457 (ledit
867 432 934 457 ore
955 419 1133 457 rotundo

156 484 279 522 Musa
297 484 420 535 loqui,
442 487 601 535 praeter
618 483 781 521 laudem
801 482 952 520 nullius
973 483 1118 520 avaris.

157 548 332 586 Romani
350 549 465 599 pueri
484 548 615 598 longis
636 547 863 585 rationibus
883 559 1015 584 assem
1419 559 1462 594 32
1471 558 1488 594 5

157 612 334 650 Discunt
352 613 395 650 in
414 616 550 664 partes
569 616 733 650 centum
753 611 955 649 diducere.
1015 616 1035 630 ‘⁴
1053 611 1175 649 Dicat

157 676 287 714 Filius
306 676 468 715 Albini:
501 677 535 714 si
555 676 604 715 de
624 675 847 726 quincunce
867 678 1023 713 remota
1042 679 1104 712 est

157 740 299 787 Uncia,
320 741 420 792 quid
439 744 604 792 superat
617 740 859 779 P—Poteras
881 739 1066 776 dixisse.'‘
1106 744 1127 758 ‘⁴
1142 738 1321 776 Triens.”
1366 744 1387 757 “
1402 738 1488 776 Eu!

158 802 260 840 Rem
281 803 432 853 poteris
452 814 610 840 servare
629 805 755 838 tuam.
813 800 935 838 Redit
955 800 1084 844 uncia,
1106 799 1206 849 quid
1226 799 1271 836 fit
1285 800 1302 837 ’Β
1318 799 1339 813 ”

159 871 180 885 “
198 866 365 904 Semis.”
422 867 501 911 An,
522 866 619 904 haec
637 867 794 902 animos
815 877 962 913 aerugo
981 868 1022 901 et
1041 876 1137 901 cura
1156 863 1287 914 peculi
1416 876 1433 910 3
1442 875 1489 910 30

158 930 262 968 Cum
283 930 405 969 semel
425 930 629 974 imbuerit,
651 942 859 980 speramus
878 928 1056 966 carmina
1075 928 1173 977 fingi

160 994 286 1033 Posse
306 995 471 1032 linenda
490 994 607 1032 cedro
626 997 667 1032 et
686 993 763 1031 levi
784 992 983 1030 servanda
1003 1004 1192 1042 cupresso
1205 993 1223 1028 Ρ

210 1059 297 1097 Aut
315 1059 505 1110 prodesse
525 1057 668 1096 volunt
687 1061 760 1095 aut
779 1056 975 1094 delectare
994 1060 1136 1106 poetae

157 1123 244 1161 Aut
265 1123 387 1161 simul
405 1126 446 1160 et
466 1122 643 1160 iucunda
661 1126 702 1160 et
721 1121 865 1159 idonea
885 1120 1014 1157 dicere
1033 1119 1151 1157 vitae.

158 1187 369 1238 Quidquid
389 1186 621 1238 praecipies,
642 1190 728 1224 esto
748 1185 894 1228 brevis,
915 1188 962 1221 ut
981 1183 1060 1221 cito
1081 1183 1190 1220 dicta
1413 1197 1430 1231 3
1440 1196 1482 1232 35

155 1251 388 1302 Percipiant
425 1250 549 1288 animi
569 1249 716 1288 dociles
736 1251 984 1298 teneantque
1006 1247 1166 1286 fideles:

159 1316 289 1355 Omne
310 1326 603 1365 supervacuum
623 1313 741 1364 pleno
761 1313 810 1351 de
830 1317 989 1363 pectore
1008 1315 1158 1349 manat.

157 1380 274 1418 Ficta
292 1378 518 1429 voluptatis
539 1391 661 1416 causa
681 1378 764 1415 sint
784 1377 967 1428 proxima
988 1376 1092 1414 veris
1109 1393 1114 1413 :

158 1444 220 1482 Ne
240 1444 525 1494 quodcumque
544 1441 654 1480 volet
668 1445 808 1492 poscat
829 1441 906 1478 sibi
929 1440 1069 1478 fabula
1090 1439 1208 1481 credi,

158 1508 249 1546 Neu
265 1520 436 1559 pransae
456 1506 621 1544 Lamiae
641 1506 778 1542 vivum
799 1517 970 1556 puerum
989 1504 1176 1541 extrahat
1196 1503 1298 1540 alvo.
1412 1516 1484 1550 340

158 1572 374 1611 Centuriae
395 1571 599 1609 seniorum
619 1570 778 1619 agitant
797 1569 976 1619 expertia
997 1568 1141 1615 frugis,

157 1636 263 1675 Celsi
284 1638 543 1687 praetereunt
562 1639 724 1672 austera
744 1636 931 1684 poemata
952 1633 1148 1669 Ramnes:

159 1702 288 1739 Omne
307 1699 405 1737 tulit
424 1702 632 1749 punctum,
653 1697 723 1748 qui
744 1696 907 1734 miscuit
928 1695 1027 1733 utile
1047 1695 1167 1739 dulci,

160 1765 368 1802 Lectorem
389 1761 626 1801 delectando
645 1761 876 1812 pariterque
898 1759 1107 1797 monendo.

159 1828 239 1866 Hic
260 1831 386 1866 meret
405 1839 498 1864 aera
518 1826 618 1864 liber
639 1825 776 1869 Sosiis,
799 1824 861 1861 hic
880 1829 921 1861 et
942 1837 1049 1861 mare
1069 1822 1217 1860 transit
1413 1835 1459 1870 34
1465 1834 1482 1868 5

158 1893 214 1930 Et
234 1891 400 1941 longum
422 1894 517 1928 noto
539 1889 726 1940 scriptori
748 1892 941 1939 prorogat
959 1900 1113 1925 aevum.

211 1956 317 1994 Sunt
336 1954 482 1993 delicta
502 1958 649 1998 tamen,
671 1953 820 2003 quibus
843 1951 1043 2001 ignovisse
1066 1950 1253 1988 velimus:

158 2021 266 2058 Nam
281 2032 410 2069 neque
425 2019 576 2056 chorda
591 2031 734 2056 sonum
753 2017 894 2059 reddit,
912 2029 1029 2066 quem
1047 2015 1129 2051 volt
1146 2027 1290 2051 manus
1304 2017 1345 2051 et
1361 2025 1484 2055 niens,

160 2083 426 2133 Post-entique
446 2096 607 2132 gravem
630 2094 817 2132 persaepe
839 2080 1008 2118 remittit
1028 2083 1205 2122 acutum,

160 2149 242 2186 Nec
262 2160 418 2198 semper
439 2147 555 2185 feriet
575 2145 858 2196 quodcumque
880 2143 1102 2180 minabitur
1121 2155 1248 2179 arcus.
1413 2153 1485 2189 350

161 2212 310 2249 Verum
330 2210 398 2248 ubi
420 2209 536 2261 plura
557 2210 689 2248 nitent
711 2209 750 2245 in
770 2208 957 2251 carmine,
981 2220 1057 2244 non
1078 2220 1151 2255 ogo
1173 2205 1309 2256 paucis

159 2274 354 2314 Offendar
374 2273 553 2318 maculis,
574 2286 675 2324 quas
696 2276 769 2310 aut
791 2271 944 2309 incuria
965 2271 1073 2308 fudit

159 2341 246 2378 Aut
267 2339 444 2376 humana
464 2350 608 2389 parum
628 2337 734 2374 cavit
755 2341 910 2374 natura.
969 2334 1077 2382 Quid
1096 2347 1189 2383 ergo
1208 2336 1300 2371 cst?
