1701 2605
163 132 211 188 1.]
635 149 824 186 EPISTLES,
858 151 960 177 nooiz
992 154 1016 180 1.
1434 149 1478 185 12·

163 238 294 276 Laevo
312 241 490 290 suspensi
508 240 652 278 loculos
669 242 926 293 tabulamque
945 245 1101 283 lacerto.

163 301 237 338 Est
254 303 411 338 animus
429 302 514 346 tibi,
535 307 630 339 sunt
648 316 785 350 mores,
807 310 866 342 est
886 306 1022 356 lingua
1042 307 1222 358 fidesque,

163 361 240 399 Sed
258 363 558 413 quadringentis
575 376 643 401 sex
661 369 809 415 septem
829 367 938 404 milia
957 368 1099 407 desunt
1114 384 1121 407 :

161 424 278 462 Plebs
295 426 380 463 eris.
438 427 498 463 At
518 427 628 476 pueri
649 427 828 467 ludentes
848 433 870 451 “
887 430 974 468 Rex
991 431 1067 468 eris
1083 432 1100 447 ⁷'
1121 432 1246 479 aiunt,

162 487 240 524 “Si
258 491 363 524 recte
381 487 534 526 facies.”
590 489 669 527 Hic
688 504 824 528 murus
843 492 1015 530 aheneus
1036 497 1119 531 esto
1135 506 1144 531 ε
1428 499 1477 535 60

160 548 232 585 Nil
249 549 420 586 conscire
439 549 524 596 sibi,
544 551 655 588 nulla
675 552 884 601 pallescere
903 554 1031 603 culpa.

162 610 314 657 Roscia,
334 610 395 648 dic
414 611 534 658 sodes,
554 612 691 649 melior
709 613 772 650 lex
791 627 844 651 an
863 620 1112 664 puerorumst

160 672 304 718 Nenia„
324 685 426 722 quae
444 686 610 723 regnum
629 678 735 712 recte
753 675 992 713 facientibus
1012 677 1136 724 offert,

161 733 216 770 Et
234 734 410 771 maribus
430 734 559 772 Curiis
577 739 617 772 et
635 734 849 773 decantata
870 736 1074 774 Camillis?

160 796 253 832 Isne
270 795 346 832 tibi
365 795 504 833 melius
522 796 674 843 suadet,
695 797 762 846 qui
784 797 922 834 “Rem
942 798 1076 844 facias,
1098 812 1192 847 rem,
1429 805 1452 840 6
1458 816 1475 851 5

161 856 204 894 Si
222 857 354 906 possis,
374 861 492 903 recte,
512 858 544 894 si
563 870 653 903 non,
675 870 921 908 quocumque
939 860 1052 897 modo
1071 873 1163 908 rem,

159 918 222 957 Ut
240 919 402 968 propius
419 923 569 969 spectes
587 920 792 958 lacrimosa
812 926 994 970 poemata
1017 923 1116 972 Pupi
1130 922 1172 971 ”3

158 981 227 1018 An
245 981 313 1030 qui
332 981 533 1019 Fortunae
550 985 592 1019 te
611 995 841 1032 responsare
858 985 1050 1033 superbae

159 1043 348 1080 Liberum
366 1046 406 1080 et
424 1048 600 1080 erectum
621 1056 807 1094 praesens
827 1045 1014 1082 hortatur
1032 1050 1072 1082 et
1091 1046 1231 1095 aptat?

158 1105 304 1149 Quodsi
323 1117 385 1141 me
402 1104 572 1155 populus
591 1105 796 1142 Romanus
816 1105 919 1143 forte
938 1111 1060 1156 roget,
1081 1120 1150 1144 cur
1429 1120 1476 1156 70

157 1166 251 1203 Non
270 1169 317 1203 ut
336 1166 548 1216 porticibus
566 1167 620 1204 sic
641 1167 794 1204 iudiciis
813 1167 927 1204 fruar
946 1168 1080 1215 isdem,

157 1227 198 1265 N
200 1240 242 1265 ec
259 1240 402 1277 sequar
421 1232 492 1265 aut
510 1227 664 1278 fugiam
683 1241 784 1278 quae
803 1229 930 1278 diligit
950 1229 1031 1280 ipse
1050 1230 1111 1267 vel
1130 1230 1236 1271 odit:

157 1288 263 1326 Olim
282 1289 385 1339 quod
404 1289 535 1339 volpes
554 1294 716 1339 aegroto
735 1294 854 1327 cauta
873 1290 976 1327 leoni

158 1350 388 1401 Respondit,
408 1349 580 1387 referam
597 1363 604 1388 :
637 1351 775 1396 “Quia
794 1364 856 1388 me
876 1352 1041 1401 vestigia
1059 1356 1225 1400 terrent,

157 1413 301 1451 Omnia
320 1416 361 1450 te
379 1412 587 1450 adversum
606 1414 838 1462 spectantia,
861 1413 972 1451 nulla
992 1415 1240 1452 retrorsum.”
1429 1428 1473 1465 75

157 1475 283 1513 Belua
302 1474 518 1512 multorum
539 1487 579 1512 es
598 1475 785 1525 capitum.
842 1475 948 1512 Nam
970 1476 1062 1525 quid
1081 1489 1222 1526 sequar
1241 1481 1312 1514 aut
1331 1489 1445 1526 quem
1464 1480 1475 1514 ’ἒ

157 1537 257 1574 Pars
275 1537 480 1575 hominum
499 1536 618 1587 gestit
639 1536 852 1574 conducere
874 1537 1030 1586 publica
1047 1551 1056 1584 ;
1084 1542 1179 1575 sunt
1199 1538 1267 1587 qui

157 1599 310 1637 Grustis
328 1602 370 1636 et
388 1598 514 1648 pomis
533 1598 672 1635 viduas
691 1603 888 1636 venentur
908 1612 1060 1645 avaras,

157 1661 446 1712 Excipiantque
465 1673 584 1706 senes,
607 1672 703 1709 quos
721 1661 764 1697 in
783 1661 936 1698 vivaria
956 1661 1147 1705 mittant5

157 1722 299 1760 Multis
317 1722 469 1760 occulto
488 1722 626 1759 crescit
645 1734 706 1759 res
726 1722 871 1760 fenore.
929 1722 1081 1759 Verum
1425 1727 1474 1762 80

157 1785 253 1822 Esto
271 1784 361 1821 aliis
379 1783 476 1821 alios
494 1783 612 1821 rebus
629 1783 847 1833 studiisque
865 1784 992 1821 teneri
1011 1799 1017 1822 :

158 1845 268 1883 Idem
287 1845 420 1882 eadem
439 1848 603 1895 possunt
622 1844 760 1882 horam
780 1845 924 1882 durare
943 1846 1178 1894 probantes‘l

157 1907 339 1945 “Nullus
357 1908 399 1944 in
419 1907 511 1944 orbe
530 1907 640 1944 sinus
659 1907 754 1944 Bais
772 1906 972 1956 praelucet
992 1907 1164 1944 amoenis
1176 1906 1194 1922 ”

156 1969 197 2007 Si
216 1968 316 2006 dixit
334 1969 441 2007 dives
459 1984 466 2007 ε
494 1969 603 2006 lacus
621 1973 662 2006 et
683 1981 789 2006 mare
807 1969 929 2005 sentit
949 1980 1121 2004 amorem

155 2031 399 2068 Festinantis
418 2030 474 2068 eri
491 2044 499 2076 ;
528 2030 593 2067 cui
611 2030 645 2067 si
664 2030 804 2067 vitiosa
824 2029 945 2067 libido
1423 2032 1468 2077 85

155 2092 308 2130 Fecerit
326 2092 554 2142 auspicium,
577 2095 599 2112 ‘⁴
615 2092 712 2129 Cras
730 2091 972 2128 ferramenta
990 2092 1166 2128 Teanum

153 2153 325 2200 Tolletis,
344 2152 486 2191 fabri.''
540 2153 684 2190 Lectus
702 2152 868 2203 genialis
886 2152 927 2189 in
947 2153 1078 2190 aulast
1095 2165 1103 2189 :

153 2214 224 2252 Nil
241 2215 299 2252 ait
316 2227 398 2252 esse
417 2216 541 2265 prius,
560 2215 699 2253 melius
718 2215 774 2252 nil
794 2214 940 2252 caelibe
958 2215 1042 2251 vita
1058 2227 1068 2261 ;

154 2276 197 2314 Si
214 2289 295 2314 non
312 2281 384 2324 est,
402 2277 512 2315 iurat
531 2278 629 2315 bene
647 2277 738 2314 solis
755 2289 836 2314 esse
856 2277 1020 2313 maritis.

153 2337 240 2384 Quo
257 2341 416 2376 teneam
435 2338 567 2376 voltus
586 2341 809 2375 mutantem
830 2338 974 2375 Protea
994 2337 1117 2376 nodo?
1420 2350 1469 2384 90
