1701 2605
175 145 223 183 62
745 161 912 188 nonAoss.

173 251 340 301 Emptor
358 252 513 290 Aricini
532 253 728 302 quondam
749 254 929 291 Veientis
949 258 989 292 et
1008 256 1095 293 arvi

173 313 363 363 Emptum
382 318 497 351 cenat
516 315 611 362 01115,
632 316 812 364 quamvis
831 316 947 353 aliter
965 321 1084 366 putat
1101 332 1108 356 ε
1138 319 1280 367 emptis

174 375 254 412 Sub
274 380 425 412 noctem
445 377 615 426 gelidam
635 377 752 426 lignis
770 378 982 416 calefactat
1001 380 1173 416 ahenum
1190 395 1200 428 3

173 437 247 474 Sed
267 442 380 475 vocat
399 451 522 487 usque
540 452 667 486 suum,
688 453 766 489 qua
786 441 954 490 populus
974 441 1102 478 adsita
1121 443 1237 479 certis

172 499 380 536 Limitibus
400 500 528 537 vicina
546 501 693 551 refugit
711 502 840 551 iurgia
853 516 862 549 3
891 507 1097 551 tamquam

172 560 231 596 Sit
251 561 451 609 proprium
471 562 692 611 quicquam,
714 567 861 612 puncto
880 564 982 612 quod
1002 565 1153 601 mobilis
1172 565 1290 602 horae

170 621 288 658 Nunc
308 635 430 671 prece,
453 636 560 660 nunc
579 624 716 672 pretio,
738 638 843 661 1111110
863 625 913 671 vi,
934 638 1039 662 nunc
1059 630 1184 663 morte
1204 639 1385 676 suprema

171 683 377 721 Permutet
396 684 571 721 dominos
589 690 628 722 et
648 686 759 723 cedat
779 687 821 723 in
840 687 966 724 altera
985 688 1085 725 iura.

170 745 233 782 Sic
253 745 346 794 quia
364 751 578 795 perpetuus
597 748 697 784 nulli
716 748 835 785 datur
853 762 956 796 115115,
978 753 1018 787 et
1037 750 1148 787 heres

171 806 368 844 Heredem
387 807 552 845 alternis
572 809 681 845 velut
701 810 807 846 unda
827 811 1052 860 supervenit
1073 812 1232 858 undam,

171 869 274 914 Quid
293 869 367 906 vici
386 875 554 919 prosunt
573 875 644 907 aut
665 871 832 909 horrea'l
861 873 1002 921 quidve
1022 873 1200 910 Calabris

170 930 345 967 Saltibus
364 931 505 968 adiecti
525 932 689 979 Lucani,
709 933 740 970 si
759 933 874 970 metit
894 934 1018 971 Orcus

168 991 345 1028 Grandia
365 1004 453 1028 cum
472 993 615 1042 parvis,
638 1006 717 1030 non
736 995 942 1032 exorabilis
961 997 1085 1033 auro‘.l

168 1053 361 1100 Gemmas,
385 1067 568 1098 marmor,
590 1055 698 1102 ebur,
720 1056 926 1105 Tyrrhena
946 1057 1085 1107 sigilla,
1106 1058 1285 1106 tabellas,

166 1115 405 1164 Argentum,
425 1120 551 1154 Vestes
571 1117 739 1154 Gaetulo
759 1119 905 1156 murice
923 1119 1066 1156 tinetas

169 1176 272 1213 Sunt
291 1177 359 1226 qui
378 1190 457 1214 11011
476 1178 663 1225 habeant,
684 1183 743 1216 est
762 1180 831 1228 qui
851 1193 930 1217 non
950 1185 1063 1217 curat
1084 1181 1240 1220 habere.

168 1237 249 1274 Cur
268 1237 370 1274 alter
389 1238 564 1276 fratrum
583 1252 732 1277 cessare
751 1244 792 1277 et
811 1240 943 1278 ludere
963 1244 1003 1278 et
1023 1243 1146 1291 ungui

167 1299 376 1336 Praeferat
397 1300 565 1337 Herodis
583 1301 765 1350 palmetis
784 1302 1003 1352 pinguibus,
1026 1304 1128 1340 alter

167 1361 286 1398 Dives
305 1365 346 1398 et
364 1361 600 1411 inportunus
618 1364 669 1400 ad
689 1364 870 1401 umbram
888 1365 983 1402 111015
1002 1366 1052 1402 ab
1072 1370 1162 1402 ortu

168 1423 394 1460 Silvestrem
414 1424 582 1462 flammis
605 1429 642 1462 et
663 1425 769 1463 ferro
788 1427 942 1476 mitiget
961 1441 1115 1477 agrum,

168 1485 249 1521 Scit
270 1485 429 1532 Olenum,
451 1486 586 1523 natale
605 1499 730 1524 comes
749 1488 815 1536 qui
835 1492 1032 1538 temperat
1052 1493 1218 1536 astrum,

165 1546 348 1582 Naturae
367 1546 460 1583 deus
479 1547 687 1594 humanae,
709 1549 885 1585 mortalis
904 1551 945 1585 in
966 1563 1090 1587 unum

165 1607 354 1656 Quodque
373 1612 505 1657 caput,
525 1609 637 1646 voltu
656 1610 868 1657 mutabilis,
889 1611 1002 1647 albus
1021 1616 1060 1648 et
1079 1615 1176 1649 ater.

165 1669 274 1706 Utar
292 1673 332 1705 et
351 1682 399 1705 ex
417 1671 575 1717 modico,
597 1676 792 1720 quantum
812 1684 873 1708 res
892 1677 1031 1721 poscet,
1053 1686 1190 1710 acervo

166 1729 316 1766 Tollam
337 1743 406 1767 nec
426 1734 614 1778 metuam,
637 1733 731 1782 quid
749 1733 796 1769 de
816 1746 878 1770 me
898 1733 1041 1771 iudicet
1062 1734 1183 1777 heres,

166 1791 276 1835 Quod
296 1804 374 1828 non
395 1792 510 1841 plura
531 1793 633 1830 datis
652 1794 849 1831 invenerit
864 1808 874 1841 3
904 1800 944 1832 et
963 1800 1096 1832 tamen
1118 1796 1220 1832 1110111

167 1852 272 1889 Scire
291 1853 431 1900 volam,
452 1859 647 1903 quantum
667 1856 828 1905 simplex
847 1856 1061 1905 hilarisque
1079 1858 1211 1906 nepoti

166 1914 370 1963 Discrepet
388 1918 427 1952 et
447 1919 640 1964 quantum
661 1917 849 1954 discordet
868 1931 1007 1967 parcus
1025 1932 1152 1956 avaro.

166 1976 301 2012 Distat
322 1977 437 2023 enim,
458 1990 619 2028 spargas
638 1982 709 2015 tua
729 1979 923 2028 prodiguS,
944 1993 997 2016 an
1016 1993 1141 2030 neque
1161 1985 1358 2030 sumptum

167 2038 324 2074 Invitus
344 2037 466 2075 facias
485 2052 610 2088 neque
628 2040 743 2089 plura
762 2053 903 2089 parare
921 2041 1083 2088 labores,

165 2099 226 2135 Ao
245 2099 385 2147 potius,
406 2112 503 2148 puer
522 2105 568 2137 ut
588 2101 696 2137 festis
716 2101 1030 2150 Quinquatribus
1049 2103 1153 2149 olim,

166 2160 318 2209 Exiguo
337 2165 525 2210 gratoque
544 2161 690 2198 fruaris
709 2171 882 2211 tempore
902 2164 1058 2212 raptim.

165 2221 377 2269 Pauper-ies
397 2222 586 2258 inmunda
607 2227 741 2259 tamen
762 2223 894 2271 procul
914 2224 1038 2261 absit:
1068 2238 1137 2274 ogo
1156 2230 1290 2262 utrum

165 2282 280 2318 Nave
299 2282 406 2318 ferar
426 2296 567 2332 magna
587 2297 636 2320 an
657 2298 793 2333 parva,
815 2284 920 2322 ferar
941 2299 1042 2322 unus
1063 2291 1101 2323 et
1121 2287 1233 2323 idem.

166 2342 258 2379 Non
279 2343 435 2392 agimur
455 2345 614 2380 tumidis
635 2345 728 2381 velis
747 2346 944 2394 Aquilone
964 2347 1151 2384 seeundo:

1419 763 1487 802 175

1417 1063 1488 1098 180

1415 1370 1484 1418 185

1413 1688 1485 1725 190

1412 1995 1479 2032 195

1408 2301 1481 2325 200
