<?xml version="1.0" encoding="UTF-8"?>
<!DOCTYPE html PUBLIC "-//W3C//DTD XHTML 1.0 Transitional//EN"
    "http://www.w3.org/TR/xhtml1/DTD/xhtml1-transitional.dtd">
<html xmlns="http://www.w3.org/1999/xhtml" xml:lang="en" lang="en">
 <head>
  <title>
</title>
<meta http-equiv="Content-Type" content="text/html;charset=utf-8" />
  <meta name='ocr-system' content='tesseract 3.04.00' />
  <meta name='ocr-capabilities' content='ocr_page ocr_carea ocr_par ocr_line ocrx_word'/>
</head>
<body>
  <div class='ocr_page' id='page_1' title='image "./epistles00horauoft_0142.png"; bbox 0 0 1701 2605; ppageno 0'>
   <div class='ocr_carea' id='block_1_1' title="bbox 158 183 913 225">
    <p class='ocr_par' dir='ltr' id='par_1_1' title="bbox 158 183 913 225">
     <span class='ocr_line' id='line_1_1' title="bbox 158 183 913 225; baseline -0.001 0"><span class='ocrx_word' id='word_1_1' title='bbox 158 183 233 225; x_wconf 83' lang='lat'>138</span> <span class='ocrx_word' id='word_1_2' title='bbox 731 198 913 225; x_wconf 70' lang='lat' dir='ltr'>HonAoE.</span> 
     </span>
    </p>
   </div>
   <div class='ocr_carea' id='block_1_2' title="bbox 153 290 1353 2391">
    <p class='ocr_par' dir='ltr' id='par_1_2' title="bbox 155 290 1036 341">
     <span class='ocr_line' id='line_1_2' title="bbox 155 290 1036 341; baseline 0 -13"><span class='ocrx_word' id='word_1_3' title='bbox 155 291 439 329; x_wconf 86' lang='lat' dir='ltr'>Assentatores</span> <span class='ocrx_word' id='word_1_4' title='bbox 460 291 572 329; x_wconf 87' lang='lat' dir='ltr'>iubet</span> <span class='ocrx_word' id='word_1_5' title='bbox 592 291 644 328; x_wconf 84' lang='lat' dir='ltr'>ad</span> <span class='ocrx_word' id='word_1_6' title='bbox 663 290 820 328; x_wconf 86' lang='lat' dir='ltr'>lucrum</span> <span class='ocrx_word' id='word_1_7' title='bbox 840 291 897 329; x_wconf 88' lang='lat' dir='ltr'>ire</span> <span class='ocrx_word' id='word_1_8' title='bbox 916 294 1036 341; x_wconf 86' lang='lat' dir='ltr'>poeta</span> 
     </span>
    </p>

    <p class='ocr_par' dir='ltr' id='par_1_3' title="bbox 155 354 1145 406">
     <span class='ocr_line' id='line_1_3' title="bbox 155 354 1145 406; baseline 0 -14"><span class='ocrx_word' id='word_1_9' title='bbox 155 354 279 393; x_wconf 88' lang='lat' dir='ltr'>Dives</span> <span class='ocrx_word' id='word_1_10' title='bbox 300 355 419 405; x_wconf 80' lang='lat' dir='ltr'>agris,</span> <span class='ocrx_word' id='word_1_11' title='bbox 442 355 551 393; x_wconf 79' lang='lat' dir='ltr'>dives</span> <span class='ocrx_word' id='word_1_12' title='bbox 572 355 716 406; x_wconf 86' lang='lat' dir='ltr'>positis</span> <span class='ocrx_word' id='word_1_13' title='bbox 737 355 779 391; x_wconf 89' lang='lat' dir='ltr'>in</span> <span class='ocrx_word' id='word_1_14' title='bbox 798 355 938 393; x_wconf 80' lang='lat' dir='ltr'>fenore</span> <span class='ocrx_word' id='word_1_15' title='bbox 957 354 1145 392; x_wconf 89' lang='lat' dir='ltr'>nummis.</span> 
     </span>
    </p>

    <p class='ocr_par' dir='ltr' id='par_1_4' title="bbox 157 418 1119 470">
     <span class='ocr_line' id='line_1_4' title="bbox 157 418 1119 470; baseline -0.001 -15"><span class='ocrx_word' id='word_1_16' title='bbox 157 418 199 455; x_wconf 82' lang='lat' dir='ltr'>Si</span> <span class='ocrx_word' id='word_1_17' title='bbox 218 432 310 457; x_wconf 88' lang='lat' dir='ltr'>vero</span> <span class='ocrx_word' id='word_1_18' title='bbox 330 422 402 463; x_wconf 89' lang='lat' dir='ltr'>est,</span> <span class='ocrx_word' id='word_1_19' title='bbox 425 422 595 456; x_wconf 87' lang='lat' dir='ltr'>unctum</span> <span class='ocrx_word' id='word_1_20' title='bbox 610 419 681 469; x_wconf 85' lang='lat' dir='ltr'>qui</span> <span class='ocrx_word' id='word_1_21' title='bbox 699 422 806 457; x_wconf 88' lang='lat' dir='ltr'>recte</span> <span class='ocrx_word' id='word_1_22' title='bbox 825 432 971 469; x_wconf 90' lang='lat' dir='ltr'>ponere</span> <span class='ocrx_word' id='word_1_23' title='bbox 990 418 1119 470; x_wconf 98' lang='lat' dir='ltr'>possit</span> 
     </span>
    </p>

    <p class='ocr_par' dir='ltr' id='par_1_5' title="bbox 155 482 1156 533">
     <span class='ocr_line' id='line_1_5' title="bbox 155 482 1156 533; baseline 0.001 -13"><span class='ocrx_word' id='word_1_24' title='bbox 155 482 210 520; x_wconf 86' lang='lat' dir='ltr'>Et</span> <span class='ocrx_word' id='word_1_25' title='bbox 231 483 424 533; x_wconf 87' lang='lat' dir='ltr'>spondere</span> <span class='ocrx_word' id='word_1_26' title='bbox 442 482 521 520; x_wconf 88' lang='lat' dir='ltr'>levi</span> <span class='ocrx_word' id='word_1_27' title='bbox 540 496 612 533; x_wconf 91' lang='lat' dir='ltr'>pro</span> <span class='ocrx_word' id='word_1_28' title='bbox 632 496 807 533; x_wconf 78' lang='lat' dir='ltr'>paupere</span> <span class='ocrx_word' id='word_1_29' title='bbox 826 486 868 521; x_wconf 88' lang='lat' dir='ltr'>et</span> <span class='ocrx_word' id='word_1_30' title='bbox 886 483 1037 533; x_wconf 90' lang='lat' dir='ltr'>eripere</span> <span class='ocrx_word' id='word_1_31' title='bbox 1057 485 1156 521; x_wconf 86' lang='lat' dir='ltr'>atris</span> 
     </span>
    </p>

    <p class='ocr_par' dir='ltr' id='par_1_6' title="bbox 155 546 1116 598">
     <span class='ocr_line' id='line_1_6' title="bbox 155 546 1116 598; baseline 0.002 -15"><span class='ocrx_word' id='word_1_32' title='bbox 155 546 317 584; x_wconf 88' lang='lat' dir='ltr'>Litibus</span> <span class='ocrx_word' id='word_1_33' title='bbox 336 547 593 598; x_wconf 88' lang='lat' dir='ltr'>implicitum,</span> <span class='ocrx_word' id='word_1_34' title='bbox 614 547 804 592; x_wconf 83' lang='lat' dir='ltr'>mirabor,</span> <span class='ocrx_word' id='word_1_35' title='bbox 825 547 858 584; x_wconf 89' lang='lat' dir='ltr'>si</span> <span class='ocrx_word' id='word_1_36' title='bbox 879 547 975 585; x_wconf 87' lang='lat' dir='ltr'>sciet</span> <span class='ocrx_word' id='word_1_37' title='bbox 995 547 1116 586; x_wconf 89' lang='lat' dir='ltr'>inter-</span> 
     </span>
    </p>

    <p class='ocr_par' dir='ltr' id='par_1_7' title="bbox 153 611 1180 661">
     <span class='ocr_line' id='line_1_7' title="bbox 153 611 1180 661; baseline 0.003 -14"><span class='ocrx_word' id='word_1_38' title='bbox 153 624 314 648; x_wconf 76' lang='lat' dir='ltr'>noscere</span> <span class='ocrx_word' id='word_1_39' title='bbox 334 612 567 649; x_wconf 85' lang='lat' dir='ltr'>mendacem</span> <span class='ocrx_word' id='word_1_40' title='bbox 591 624 811 661; x_wconf 82' lang='lat' dir='ltr'>verumque</span> <span class='ocrx_word' id='word_1_41' title='bbox 830 611 974 649; x_wconf 88' lang='lat' dir='ltr'>beatus</span> <span class='ocrx_word' id='word_1_42' title='bbox 995 613 1180 650; x_wconf 85' lang='lat' dir='ltr'>amicum.</span> 
     </span>
    </p>

    <p class='ocr_par' dir='ltr' id='par_1_8' title="bbox 154 675 1087 725">
     <span class='ocr_line' id='line_1_8' title="bbox 154 675 1087 725; baseline 0.001 -13"><span class='ocrx_word' id='word_1_43' title='bbox 154 675 216 712; x_wconf 86' lang='lat' dir='ltr'>Tu</span> <span class='ocrx_word' id='word_1_44' title='bbox 236 688 305 713; x_wconf 93' lang='lat' dir='ltr'>seu</span> <span class='ocrx_word' id='word_1_45' title='bbox 323 675 485 713; x_wconf 83' lang='lat' dir='ltr'>donaris</span> <span class='ocrx_word' id='word_1_46' title='bbox 507 689 576 713; x_wconf 90' lang='lat' dir='ltr'>seu</span> <span class='ocrx_word' id='word_1_47' title='bbox 592 676 691 725; x_wconf 88' lang='lat' dir='ltr'>quid</span> <span class='ocrx_word' id='word_1_48' title='bbox 711 676 859 713; x_wconf 86' lang='lat' dir='ltr'>donare</span> <span class='ocrx_word' id='word_1_49' title='bbox 879 676 986 713; x_wconf 85' lang='lat' dir='ltr'>voles</span> <span class='ocrx_word' id='word_1_50' title='bbox 1011 677 1087 721; x_wconf 88' lang='lat' dir='ltr'>cui,</span> 
     </span>
    </p>

    <p class='ocr_par' dir='ltr' id='par_1_9' title="bbox 155 738 1107 790">
     <span class='ocr_line' id='line_1_9' title="bbox 155 738 1107 790; baseline 0.001 -14"><span class='ocrx_word' id='word_1_51' title='bbox 155 738 294 777; x_wconf 89' lang='lat' dir='ltr'>Nolito</span> <span class='ocrx_word' id='word_1_52' title='bbox 314 740 365 776; x_wconf 85' lang='lat' dir='ltr'>ad</span> <span class='ocrx_word' id='word_1_53' title='bbox 384 753 522 777; x_wconf 89' lang='lat' dir='ltr'>versus</span> <span class='ocrx_word' id='word_1_54' title='bbox 543 739 619 777; x_wconf 85' lang='lat' dir='ltr'>tibi</span> <span class='ocrx_word' id='word_1_55' title='bbox 638 740 767 777; x_wconf 85' lang='lat' dir='ltr'>factos</span> <span class='ocrx_word' id='word_1_56' title='bbox 788 740 931 778; x_wconf 85' lang='lat' dir='ltr'>ducere</span> <span class='ocrx_word' id='word_1_57' title='bbox 943 740 1107 790; x_wconf 88' lang='lat' dir='ltr'>plenum</span> 
     </span>
    </p>

    <p class='ocr_par' dir='ltr' id='par_1_10' title="bbox 155 803 1253 854">
     <span class='ocr_line' id='line_1_10' title="bbox 155 803 1253 854; baseline 0.003 -14"><span class='ocrx_word' id='word_1_58' title='bbox 155 803 375 841; x_wconf 86' lang='lat' dir='ltr'>Laetitiae:</span> <span class='ocrx_word' id='word_1_59' title='bbox 407 803 599 841; x_wconf 84' lang='lat' dir='ltr'>clamabit</span> <span class='ocrx_word' id='word_1_60' title='bbox 617 803 724 841; x_wconf 87' lang='lat' dir='ltr'>enim</span> <span class='ocrx_word' id='word_1_61' title='bbox 744 809 765 823; x_wconf 83' lang='lat'>‘⁴</span> <span class='ocrx_word' id='word_1_62' title='bbox 780 804 956 854; x_wconf 89' lang='lat' dir='ltr'>pulchre,</span> <span class='ocrx_word' id='word_1_63' title='bbox 978 805 1089 848; x_wconf 89' lang='lat' dir='ltr'>bene,</span> <span class='ocrx_word' id='word_1_64' title='bbox 1111 805 1253 849; x_wconf 83' lang='lat' dir='ltr'>recte,”</span> 
     </span>
    </p>

    <p class='ocr_par' dir='ltr' id='par_1_11' title="bbox 155 867 1080 918">
     <span class='ocr_line' id='line_1_11' title="bbox 155 867 1080 918; baseline 0.001 -14"><span class='ocrx_word' id='word_1_65' title='bbox 155 867 353 905; x_wconf 85' lang='lat' dir='ltr'>Pallescet</span> <span class='ocrx_word' id='word_1_66' title='bbox 373 881 493 918; x_wconf 87' lang='lat' dir='ltr'>super</span> <span class='ocrx_word' id='word_1_67' title='bbox 512 867 588 912; x_wconf 88' lang='lat' dir='ltr'>his,</span> <span class='ocrx_word' id='word_1_68' title='bbox 608 867 732 905; x_wconf 88' lang='lat' dir='ltr'>etiam</span> <span class='ocrx_word' id='word_1_69' title='bbox 752 867 924 905; x_wconf 86' lang='lat' dir='ltr'>stillabit</span> <span class='ocrx_word' id='word_1_70' title='bbox 943 869 1080 906; x_wconf 85' lang='lat' dir='ltr'>amicis</span> 
     </span>
    </p>

    <p class='ocr_par' dir='ltr' id='par_1_12' title="bbox 155 931 1135 982">
     <span class='ocr_line' id='line_1_12' title="bbox 155 931 1135 982; baseline 0.002 -14"><span class='ocrx_word' id='word_1_71' title='bbox 155 931 217 968; x_wconf 80' lang='lat' dir='ltr'>Ex</span> <span class='ocrx_word' id='word_1_72' title='bbox 237 931 361 968; x_wconf 89' lang='lat' dir='ltr'>oculis</span> <span class='ocrx_word' id='word_1_73' title='bbox 381 944 523 976; x_wconf 88' lang='lat' dir='ltr'>rorem,</span> <span class='ocrx_word' id='word_1_74' title='bbox 545 931 672 975; x_wconf 86' lang='lat' dir='ltr'>saliet,</span> <span class='ocrx_word' id='word_1_75' title='bbox 692 931 839 969; x_wconf 90' lang='lat' dir='ltr'>tundet</span> <span class='ocrx_word' id='word_1_76' title='bbox 857 932 957 982; x_wconf 89' lang='lat' dir='ltr'>pede</span> <span class='ocrx_word' id='word_1_77' title='bbox 976 935 1135 970; x_wconf 76' lang='lat' dir='ltr'>terram.</span> 
     </span>
    </p>

    <p class='ocr_par' dir='ltr' id='par_1_13' title="bbox 154 995 1093 1046">
     <span class='ocr_line' id='line_1_13' title="bbox 154 995 1093 1046; baseline 0 -13"><span class='ocrx_word' id='word_1_78' title='bbox 154 995 223 1040; x_wconf 85' lang='lat' dir='ltr'>Ut,</span> <span class='ocrx_word' id='word_1_79' title='bbox 245 996 315 1045; x_wconf 84' lang='lat' dir='ltr'>qui</span> <span class='ocrx_word' id='word_1_80' title='bbox 335 996 523 1033; x_wconf 85' lang='lat' dir='ltr'>conducti</span> <span class='ocrx_word' id='word_1_81' title='bbox 540 996 703 1046; x_wconf 89' lang='lat' dir='ltr'>plorant</span> <span class='ocrx_word' id='word_1_82' title='bbox 717 995 759 1032; x_wconf 88' lang='lat' dir='ltr'>in</span> <span class='ocrx_word' id='word_1_83' title='bbox 778 996 930 1040; x_wconf 76' lang='lat' dir='ltr'>funere,</span> <span class='ocrx_word' id='word_1_84' title='bbox 951 996 1093 1034; x_wconf 86' lang='lat' dir='ltr'>dicunt</span> 
     </span>
    </p>

    <p class='ocr_par' dir='ltr' id='par_1_14' title="bbox 156 1059 1222 1111">
     <span class='ocr_line' id='line_1_14' title="bbox 156 1059 1222 1111; baseline 0.002 -15"><span class='ocrx_word' id='word_1_85' title='bbox 156 1060 212 1097; x_wconf 88' lang='lat' dir='ltr'>Et</span> <span class='ocrx_word' id='word_1_86' title='bbox 231 1060 390 1097; x_wconf 76' lang='lat' dir='ltr'>faciunt</span> <span class='ocrx_word' id='word_1_87' title='bbox 410 1073 534 1111; x_wconf 86' lang='lat' dir='ltr'>prope</span> <span class='ocrx_word' id='word_1_88' title='bbox 546 1060 664 1111; x_wconf 88' lang='lat' dir='ltr'>plura</span> <span class='ocrx_word' id='word_1_89' title='bbox 683 1059 913 1097; x_wconf 70' lang='lat' dir='ltr'>dolentibus</span> <span class='ocrx_word' id='word_1_90' title='bbox 933 1073 979 1098; x_wconf 89' lang='lat' dir='ltr'>ex</span> <span class='ocrx_word' id='word_1_91' title='bbox 999 1061 1145 1105; x_wconf 87' lang='lat' dir='ltr'>animo,</span> <span class='ocrx_word' id='word_1_92' title='bbox 1168 1061 1222 1098; x_wconf 87' lang='grc'>810</span> 
     </span>
    </p>

    <p class='ocr_par' dir='ltr' id='par_1_15' title="bbox 154 1124 988 1175">
     <span class='ocr_line' id='line_1_15' title="bbox 154 1124 988 1175; baseline 0 -13"><span class='ocrx_word' id='word_1_93' title='bbox 154 1124 320 1162; x_wconf 81' lang='lat' dir='ltr'>Derisor</span> <span class='ocrx_word' id='word_1_94' title='bbox 338 1138 430 1162; x_wconf 92' lang='lat' dir='ltr'>vero</span> <span class='ocrx_word' id='word_1_95' title='bbox 452 1124 544 1175; x_wconf 88' lang='lat' dir='ltr'>plus</span> <span class='ocrx_word' id='word_1_96' title='bbox 564 1124 774 1162; x_wconf 70' lang='lat' dir='ltr'>laudatore</span> <span class='ocrx_word' id='word_1_97' title='bbox 793 1128 988 1163; x_wconf 87' lang='lat' dir='ltr'>movetur.</span> 
     </span>
    </p>

    <p class='ocr_par' dir='ltr' id='par_1_16' title="bbox 156 1188 986 1238">
     <span class='ocr_line' id='line_1_16' title="bbox 156 1188 986 1238; baseline 0.001 -13"><span class='ocrx_word' id='word_1_98' title='bbox 156 1188 287 1238; x_wconf 79' lang='lat' dir='ltr'>Reges</span> <span class='ocrx_word' id='word_1_99' title='bbox 307 1189 500 1226; x_wconf 87' lang='lat' dir='ltr'>dicuntur</span> <span class='ocrx_word' id='word_1_100' title='bbox 519 1188 659 1225; x_wconf 89' lang='lat' dir='ltr'>multis</span> <span class='ocrx_word' id='word_1_101' title='bbox 679 1201 821 1237; x_wconf 79' lang='lat' dir='ltr'>urgere</span> <span class='ocrx_word' id='word_1_102' title='bbox 840 1189 986 1226; x_wconf 88' lang='lat' dir='ltr'>culillis</span> 
     </span>
    </p>

    <p class='ocr_par' dir='ltr' id='par_1_17' title="bbox 154 1253 1179 1303">
     <span class='ocr_line' id='line_1_17' title="bbox 154 1253 1179 1303; baseline 0.001 -14"><span class='ocrx_word' id='word_1_103' title='bbox 154 1253 210 1289; x_wconf 88' lang='lat' dir='ltr'>Et</span> <span class='ocrx_word' id='word_1_104' title='bbox 224 1256 411 1302; x_wconf 83' lang='lat' dir='ltr'>torquere</span> <span class='ocrx_word' id='word_1_105' title='bbox 431 1266 553 1297; x_wconf 87' lang='lat' dir='ltr'>mero,</span> <span class='ocrx_word' id='word_1_106' title='bbox 574 1265 694 1302; x_wconf 87' lang='lat' dir='ltr'>quem</span> <span class='ocrx_word' id='word_1_107' title='bbox 713 1253 961 1303; x_wconf 81' lang='lat' dir='ltr'>perspexisse</span> <span class='ocrx_word' id='word_1_108' title='bbox 980 1253 1179 1298; x_wconf 88' lang='lat' dir='ltr'>laborant,</span> 
     </span>
    </p>

    <p class='ocr_par' dir='ltr' id='par_1_18' title="bbox 153 1317 1116 1367">
     <span class='ocr_line' id='line_1_18' title="bbox 153 1317 1116 1367; baseline 0 -13"><span class='ocrx_word' id='word_1_109' title='bbox 153 1317 220 1354; x_wconf 89' lang='lat' dir='ltr'>An</span> <span class='ocrx_word' id='word_1_110' title='bbox 241 1317 294 1354; x_wconf 89' lang='lat' dir='ltr'>sit</span> <span class='ocrx_word' id='word_1_111' title='bbox 313 1317 490 1354; x_wconf 83' lang='lat' dir='ltr'>amicitia</span> <span class='ocrx_word' id='word_1_112' title='bbox 510 1317 678 1367; x_wconf 83' lang='lat' dir='ltr'>dignus:</span> <span class='ocrx_word' id='word_1_113' title='bbox 711 1317 744 1354; x_wconf 87' lang='lat' dir='ltr'>si</span> <span class='ocrx_word' id='word_1_114' title='bbox 763 1317 941 1354; x_wconf 87' lang='lat' dir='ltr'>carmina</span> <span class='ocrx_word' id='word_1_115' title='bbox 959 1318 1116 1361; x_wconf 86' lang='lat' dir='ltr'>condes,</span> 
     </span>
    </p>

    <p class='ocr_par' dir='ltr' id='par_1_19' title="bbox 154 1381 1194 1495">
     <span class='ocr_line' id='line_1_19' title="bbox 154 1381 1188 1432; baseline 0 -13"><span class='ocrx_word' id='word_1_116' title='bbox 154 1382 390 1432; x_wconf 75' lang='lat' dir='ltr'>Numquam</span> <span class='ocrx_word' id='word_1_117' title='bbox 409 1385 449 1419; x_wconf 90' lang='lat' dir='ltr'>te</span> <span class='ocrx_word' id='word_1_118' title='bbox 468 1381 613 1418; x_wconf 82' lang='lat' dir='ltr'>fallent</span> <span class='ocrx_word' id='word_1_119' title='bbox 632 1381 757 1418; x_wconf 86' lang='lat' dir='ltr'>animi</span> <span class='ocrx_word' id='word_1_120' title='bbox 778 1382 853 1418; x_wconf 88' lang='lat' dir='ltr'>sub</span> <span class='ocrx_word' id='word_1_121' title='bbox 872 1381 987 1432; x_wconf 88' lang='lat' dir='ltr'>volpe</span> <span class='ocrx_word' id='word_1_122' title='bbox 1006 1382 1188 1419; x_wconf 86' lang='lat' dir='ltr'>latentes.</span> 
     </span>
     <span class='ocr_line' id='line_1_20' title="bbox 207 1445 1194 1495; baseline 0.001 -13"><span class='ocrx_word' id='word_1_123' title='bbox 207 1445 405 1492; x_wconf 76' lang='lat' dir='ltr'>Quintilio</span> <span class='ocrx_word' id='word_1_124' title='bbox 427 1445 461 1483; x_wconf 84' lang='lat' dir='ltr'>si</span> <span class='ocrx_word' id='word_1_125' title='bbox 481 1445 578 1495; x_wconf 83' lang='lat' dir='ltr'>quid</span> <span class='ocrx_word' id='word_1_126' title='bbox 598 1445 797 1489; x_wconf 87' lang='lat' dir='ltr'>recitares,</span> <span class='ocrx_word' id='word_1_127' title='bbox 820 1450 842 1464; x_wconf 87' lang='lat'>“</span> <span class='ocrx_word' id='word_1_128' title='bbox 856 1445 1019 1495; x_wconf 77' lang='lat' dir='ltr'>corrige,</span> <span class='ocrx_word' id='word_1_129' title='bbox 1042 1446 1194 1490; x_wconf 80' lang='lat' dir='ltr'>sodeS‚&#39;&#39;</span> 
     </span>
    </p>

    <p class='ocr_par' dir='ltr' id='par_1_20' title="bbox 154 1509 1295 1560">
     <span class='ocr_line' id='line_1_21' title="bbox 154 1509 1295 1560; baseline -0.001 -13"><span class='ocrx_word' id='word_1_130' title='bbox 154 1515 175 1529; x_wconf 89' lang='lat'><strong>“</strong></span> <span class='ocrx_word' id='word_1_131' title='bbox 192 1511 281 1547; x_wconf 90' lang='lat' dir='ltr'>Hoc</span> <span class='ocrx_word' id='word_1_132' title='bbox 295 1510 316 1524; x_wconf 74' lang='lat'>’⁹</span> <span class='ocrx_word' id='word_1_133' title='bbox 338 1510 473 1548; x_wconf 84' lang='lat' dir='ltr'>aiebat</span> <span class='ocrx_word' id='word_1_134' title='bbox 494 1512 569 1546; x_wconf 87' lang='lat' dir='ltr'>“et</span> <span class='ocrx_word' id='word_1_135' title='bbox 589 1509 700 1546; x_wconf 55' lang='lat' dir='ltr'>hocs&#39;</span> <span class='ocrx_word' id='word_1_136' title='bbox 758 1509 906 1547; x_wconf 85' lang='lat' dir='ltr'>Melius</span> <span class='ocrx_word' id='word_1_137' title='bbox 928 1513 967 1546; x_wconf 86' lang='lat' dir='ltr'>te</span> <span class='ocrx_word' id='word_1_138' title='bbox 986 1523 1102 1560; x_wconf 88' lang='lat' dir='ltr'>posse</span> <span class='ocrx_word' id='word_1_139' title='bbox 1129 1523 1295 1559; x_wconf 75' lang='lat' dir='ltr'>negares</span> 
     </span>
    </p>

    <p class='ocr_par' dir='ltr' id='par_1_21' title="bbox 154 1573 1157 1624">
     <span class='ocr_line' id='line_1_22' title="bbox 154 1573 1157 1624; baseline 0 -13"><span class='ocrx_word' id='word_1_140' title='bbox 154 1574 224 1611; x_wconf 88' lang='lat' dir='ltr'>Bis</span> <span class='ocrx_word' id='word_1_141' title='bbox 244 1578 385 1623; x_wconf 83' lang='lat' dir='ltr'>terque</span> <span class='ocrx_word' id='word_1_142' title='bbox 403 1576 613 1624; x_wconf 84' lang='lat' dir='ltr'>expertum</span> <span class='ocrx_word' id='word_1_143' title='bbox 631 1573 788 1610; x_wconf 79' lang='lat' dir='ltr'>frustra</span> <span class='ocrx_word' id='word_1_144' title='bbox 804 1590 811 1610; x_wconf 79' lang='lat'>2</span> <span class='ocrx_word' id='word_1_145' title='bbox 843 1573 971 1611; x_wconf 88' lang='lat' dir='ltr'>delere</span> <span class='ocrx_word' id='word_1_146' title='bbox 992 1573 1157 1611; x_wconf 82' lang='lat' dir='ltr'>iubebat</span> 
     </span>
    </p>

    <p class='ocr_par' dir='ltr' id='par_1_22' title="bbox 155 1637 1078 1675">
     <span class='ocr_line' id='line_1_23' title="bbox 155 1637 1078 1675; baseline 0 -1"><span class='ocrx_word' id='word_1_147' title='bbox 155 1637 241 1674; x_wconf 91' lang='lat' dir='ltr'>Aut</span> <span class='ocrx_word' id='word_1_148' title='bbox 260 1637 364 1675; x_wconf 86' lang='lat' dir='ltr'>male</span> <span class='ocrx_word' id='word_1_149' title='bbox 384 1640 566 1674; x_wconf 89' lang='lat' dir='ltr'>tornatos</span> <span class='ocrx_word' id='word_1_150' title='bbox 587 1637 724 1674; x_wconf 85' lang='lat' dir='ltr'>incudi</span> <span class='ocrx_word' id='word_1_151' title='bbox 745 1637 910 1674; x_wconf 80' lang='lat' dir='ltr'>reddere</span> <span class='ocrx_word' id='word_1_152' title='bbox 929 1650 1078 1675; x_wconf 88' lang='lat' dir='ltr'>versus.</span> 
     </span>
    </p>

    <p class='ocr_par' dir='ltr' id='par_1_23' title="bbox 156 1701 1131 1751">
     <span class='ocr_line' id='line_1_24' title="bbox 156 1701 1131 1751; baseline 0 -13"><span class='ocrx_word' id='word_1_153' title='bbox 156 1701 198 1739; x_wconf 77' lang='lat' dir='ltr'>Si</span> <span class='ocrx_word' id='word_1_154' title='bbox 218 1701 432 1739; x_wconf 75' lang='lat' dir='ltr'>defendere</span> <span class='ocrx_word' id='word_1_155' title='bbox 453 1701 645 1738; x_wconf 87' lang='lat' dir='ltr'>delictum</span> <span class='ocrx_word' id='word_1_156' title='bbox 665 1714 787 1751; x_wconf 84' lang='lat' dir='ltr'>quam</span> <span class='ocrx_word' id='word_1_157' title='bbox 808 1704 960 1739; x_wconf 85' lang='lat' dir='ltr'>vertere</span> <span class='ocrx_word' id='word_1_158' title='bbox 978 1701 1131 1742; x_wconf 74' lang='lat' dir='ltr'>malles,</span> 
     </span>
    </p>

    <p class='ocr_par' dir='ltr' id='par_1_24' title="bbox 156 1764 1353 1815">
     <span class='ocr_line' id='line_1_25' title="bbox 156 1764 1353 1815; baseline 0 -13"><span class='ocrx_word' id='word_1_159' title='bbox 156 1765 326 1803; x_wconf 91' lang='lat' dir='ltr'>Nullum</span> <span class='ocrx_word' id='word_1_160' title='bbox 345 1765 453 1802; x_wconf 87' lang='lat' dir='ltr'>ultra</span> <span class='ocrx_word' id='word_1_161' title='bbox 472 1765 639 1802; x_wconf 89' lang='lat' dir='ltr'>verbum</span> <span class='ocrx_word' id='word_1_162' title='bbox 659 1768 731 1802; x_wconf 90' lang='lat' dir='ltr'>aut</span> <span class='ocrx_word' id='word_1_163' title='bbox 751 1777 912 1815; x_wconf 85' lang='lat' dir='ltr'>operam</span> <span class='ocrx_word' id='word_1_164' title='bbox 932 1764 1162 1802; x_wconf 82' lang='lat' dir='ltr'>insumebat</span> <span class='ocrx_word' id='word_1_165' title='bbox 1182 1766 1353 1809; x_wconf 79' lang='lat' dir='ltr'>inanem,</span> 
     </span>
    </p>

    <p class='ocr_par' dir='ltr' id='par_1_25' title="bbox 155 1828 1113 1878">
     <span class='ocr_line' id='line_1_26' title="bbox 155 1828 1113 1878; baseline 0.001 -13"><span class='ocrx_word' id='word_1_166' title='bbox 155 1829 264 1876; x_wconf 79' lang='lat' dir='ltr'>Quin</span> <span class='ocrx_word' id='word_1_167' title='bbox 287 1828 372 1866; x_wconf 89' lang='grc'><strong>81110</strong></span> <span class='ocrx_word' id='word_1_168' title='bbox 392 1828 509 1865; x_wconf 86' lang='lat' dir='ltr'>rivali</span> <span class='ocrx_word' id='word_1_169' title='bbox 529 1832 649 1878; x_wconf 83' lang='lat' dir='ltr'>teque</span> <span class='ocrx_word' id='word_1_170' title='bbox 668 1832 708 1866; x_wconf 90' lang='lat' dir='ltr'>et</span> <span class='ocrx_word' id='word_1_171' title='bbox 727 1831 799 1865; x_wconf 84' lang='lat' dir='ltr'>tua</span> <span class='ocrx_word' id='word_1_172' title='bbox 819 1828 927 1866; x_wconf 86' lang='lat' dir='ltr'>solus</span> <span class='ocrx_word' id='word_1_173' title='bbox 948 1842 1113 1866; x_wconf 82' lang='lat' dir='ltr'>amares.</span> 
     </span>
    </p>

    <p class='ocr_par' dir='ltr' id='par_1_26' title="bbox 154 1893 1194 1943">
     <span class='ocr_line' id='line_1_27' title="bbox 154 1893 1194 1943; baseline -0.001 -13"><span class='ocrx_word' id='word_1_174' title='bbox 154 1893 228 1930; x_wconf 82' lang='lat' dir='ltr'>Vir</span> <span class='ocrx_word' id='word_1_175' title='bbox 246 1893 375 1930; x_wconf 90' lang='lat' dir='ltr'>bonus</span> <span class='ocrx_word' id='word_1_176' title='bbox 390 1896 431 1930; x_wconf 88' lang='lat' dir='ltr'>et</span> <span class='ocrx_word' id='word_1_177' title='bbox 450 1893 627 1943; x_wconf 89' lang='lat' dir='ltr'>prudens</span> <span class='ocrx_word' id='word_1_178' title='bbox 647 1905 784 1930; x_wconf 86' lang='lat' dir='ltr'>versus</span> <span class='ocrx_word' id='word_1_179' title='bbox 804 1893 1015 1943; x_wconf 85' lang='lat' dir='ltr'>reprendet</span> <span class='ocrx_word' id='word_1_180' title='bbox 1035 1893 1194 1937; x_wconf 88' lang='lat' dir='ltr'>inertes,</span> 
     </span>
    </p>

    <p class='ocr_par' dir='ltr' id='par_1_27' title="bbox 156 1956 1050 2007">
     <span class='ocr_line' id='line_1_28' title="bbox 156 1956 1050 2007; baseline -0.002 -13"><span class='ocrx_word' id='word_1_181' title='bbox 156 1956 348 2007; x_wconf 82' lang='lat' dir='ltr'>Culpabit</span> <span class='ocrx_word' id='word_1_182' title='bbox 368 1957 500 2001; x_wconf 74' lang='grc'><strong>1111108,</strong></span> <span class='ocrx_word' id='word_1_183' title='bbox 523 1956 737 2006; x_wconf 80' lang='lat' dir='ltr'>incomptis</span> <span class='ocrx_word' id='word_1_184' title='bbox 757 1956 897 1993; x_wconf 88' lang='lat' dir='ltr'>allinet</span> <span class='ocrx_word' id='word_1_185' title='bbox 916 1959 1050 1993; x_wconf 86' lang='lat' dir='ltr'>atrum</span> 
     </span>
    </p>

    <p class='ocr_par' dir='ltr' id='par_1_28' title="bbox 155 2020 1168 2070">
     <span class='ocr_line' id='line_1_29' title="bbox 155 2020 1168 2070; baseline -0.003 -12"><span class='ocrx_word' id='word_1_186' title='bbox 155 2022 398 2058; x_wconf 84' lang='lat' dir='ltr'>Transverso</span> <span class='ocrx_word' id='word_1_187' title='bbox 418 2020 570 2058; x_wconf 83' lang='lat' dir='ltr'>calamo</span> <span class='ocrx_word' id='word_1_188' title='bbox 591 2021 765 2070; x_wconf 79' lang='lat' dir='ltr'>signum,</span> <span class='ocrx_word' id='word_1_189' title='bbox 785 2020 1001 2058; x_wconf 79' lang='lat' dir='ltr'>ambitiosa</span> <span class='ocrx_word' id='word_1_190' title='bbox 1020 2020 1168 2058; x_wconf 78' lang='lat' dir='ltr'>recidet</span> 
     </span>
    </p>

    <p class='ocr_par' dir='ltr' id='par_1_29' title="bbox 157 2084 1128 2135">
     <span class='ocr_line' id='line_1_30' title="bbox 157 2084 1128 2135; baseline -0.001 -13"><span class='ocrx_word' id='word_1_191' title='bbox 157 2085 416 2129; x_wconf 83' lang='lat' dir='ltr'>Ornamenta,</span> <span class='ocrx_word' id='word_1_192' title='bbox 437 2098 582 2135; x_wconf 89' lang='lat' dir='ltr'>parum</span> <span class='ocrx_word' id='word_1_193' title='bbox 601 2085 719 2122; x_wconf 87' lang='lat' dir='ltr'>claris</span> <span class='ocrx_word' id='word_1_194' title='bbox 740 2084 868 2122; x_wconf 91' lang='lat' dir='ltr'>lucem</span> <span class='ocrx_word' id='word_1_195' title='bbox 889 2085 984 2122; x_wconf 84' lang='lat' dir='ltr'>dare</span> <span class='ocrx_word' id='word_1_196' title='bbox 1003 2088 1128 2133; x_wconf 77' lang='lat' dir='ltr'>coget,</span> 
     </span>
    </p>

    <p class='ocr_par' dir='ltr' id='par_1_30' title="bbox 154 2149 1111 2198">
     <span class='ocr_line' id='line_1_31' title="bbox 154 2149 1111 2198; baseline 0 -13"><span class='ocrx_word' id='word_1_197' title='bbox 154 2149 311 2198; x_wconf 76' lang='lat' dir='ltr'>Arguet</span> <span class='ocrx_word' id='word_1_198' title='bbox 330 2149 516 2198; x_wconf 75' lang='lat' dir='ltr'>ambigue</span> <span class='ocrx_word' id='word_1_199' title='bbox 536 2149 701 2193; x_wconf 82' lang='lat' dir='ltr'>dictum,</span> <span class='ocrx_word' id='word_1_200' title='bbox 723 2149 920 2186; x_wconf 83' lang='lat' dir='ltr'>mutanda</span> <span class='ocrx_word' id='word_1_201' title='bbox 940 2149 1111 2193; x_wconf 79' lang='lat' dir='ltr'>notabit,</span> 
     </span>
    </p>

    <p class='ocr_par' dir='ltr' id='par_1_31' title="bbox 155 2213 1179 2262">
     <span class='ocr_line' id='line_1_32' title="bbox 155 2213 1179 2262; baseline 0 -13"><span class='ocrx_word' id='word_1_202' title='bbox 155 2214 245 2250; x_wconf 86' lang='lat' dir='ltr'>Fiet</span> <span class='ocrx_word' id='word_1_203' title='bbox 263 2213 535 2257; x_wconf 82' lang='lat' dir='ltr'>Aristarchus,</span> <span class='ocrx_word' id='word_1_204' title='bbox 557 2226 637 2250; x_wconf 90' lang='lat' dir='ltr'>non</span> <span class='ocrx_word' id='word_1_205' title='bbox 658 2214 763 2251; x_wconf 89' lang='lat' dir='ltr'>dicet</span> <span class='ocrx_word' id='word_1_206' title='bbox 783 2219 804 2233; x_wconf 84' lang='lat'>“</span> <span class='ocrx_word' id='word_1_207' title='bbox 823 2226 893 2251; x_wconf 89' lang='lat' dir='ltr'>cur</span> <span class='ocrx_word' id='word_1_208' title='bbox 912 2226 985 2262; x_wconf 76' lang='lat' dir='ltr'>ego</span> <span class='ocrx_word' id='word_1_209' title='bbox 1006 2213 1179 2250; x_wconf 80' lang='lat' dir='ltr'>amicum</span> 
     </span>
    </p>

    <p class='ocr_par' dir='ltr' id='par_1_32' title="bbox 155 2277 1229 2326">
     <span class='ocr_line' id='line_1_33' title="bbox 155 2277 1229 2326; baseline -0.001 -11"><span class='ocrx_word' id='word_1_210' title='bbox 155 2277 370 2315; x_wconf 80' lang='lat' dir='ltr'>Offendam</span> <span class='ocrx_word' id='word_1_211' title='bbox 390 2277 431 2313; x_wconf 83' lang='grc'>111</span> <span class='ocrx_word' id='word_1_212' title='bbox 452 2277 601 2325; x_wconf 73' lang='lat' dir='ltr'>nugis?</span> <span class='ocrx_word' id='word_1_213' title='bbox 619 2278 639 2291; x_wconf 82' lang='lat'>&#39;&#39;</span> <span class='ocrx_word' id='word_1_214' title='bbox 699 2278 788 2315; x_wconf 87' lang='lat' dir='ltr'>Hae</span> <span class='ocrx_word' id='word_1_215' title='bbox 808 2290 938 2326; x_wconf 78' lang='lat' dir='ltr'>nugae</span> <span class='ocrx_word' id='word_1_216' title='bbox 959 2277 1061 2315; x_wconf 87' lang='lat' dir='ltr'>seria</span> <span class='ocrx_word' id='word_1_217' title='bbox 1081 2277 1229 2314; x_wconf 83' lang='lat' dir='ltr'>ducent</span> 
     </span>
    </p>

    <p class='ocr_par' dir='ltr' id='par_1_33' title="bbox 154 2341 1168 2391">
     <span class='ocr_line' id='line_1_34' title="bbox 154 2341 1168 2391; baseline 0.001 -14"><span class='ocrx_word' id='word_1_218' title='bbox 154 2342 205 2378; x_wconf 86' lang='lat' dir='ltr'>In</span> <span class='ocrx_word' id='word_1_219' title='bbox 225 2341 332 2377; x_wconf 80' lang='lat' dir='ltr'>mala</span> <span class='ocrx_word' id='word_1_220' title='bbox 351 2341 528 2378; x_wconf 82' lang='lat' dir='ltr'>derisum</span> <span class='ocrx_word' id='word_1_221' title='bbox 549 2341 669 2379; x_wconf 82' lang='lat' dir='ltr'>semel</span> <span class='ocrx_word' id='word_1_222' title='bbox 688 2346 976 2391; x_wconf 74' lang='lat' dir='ltr'>exceptumque</span> <span class='ocrx_word' id='word_1_223' title='bbox 997 2341 1168 2378; x_wconf 83' lang='lat' dir='ltr'>sinistre.</span> 
     </span>
    </p>
   </div>
   <div class='ocr_carea' id='block_1_3' title="bbox 1408 304 1486 339">
    <p class='ocr_par' dir='ltr' id='par_1_34' title="bbox 1408 304 1486 339">
     <span class='ocr_line' id='line_1_35' title="bbox 1408 304 1486 339; baseline 0.026 -12"><span class='ocrx_word' id='word_1_224' title='bbox 1408 304 1486 339; x_wconf 81' lang='lat'>420</span> 
     </span>
    </p>
   </div>
   <div class='ocr_carea' id='block_1_4' title="bbox 1409 625 1482 661">
    <p class='ocr_par' dir='ltr' id='par_1_35' title="bbox 1409 625 1482 661">
     <span class='ocr_line' id='line_1_36' title="bbox 1409 625 1482 661; baseline -0.014 0"><span class='ocrx_word' id='word_1_225' title='bbox 1409 625 1482 661; x_wconf 83' lang='lat'>425</span> 
     </span>
    </p>
   </div>
   <div class='ocr_carea' id='block_1_5' title="bbox 1410 947 1485 981">
    <p class='ocr_par' dir='ltr' id='par_1_36' title="bbox 1410 947 1485 981">
     <span class='ocr_line' id='line_1_37' title="bbox 1410 947 1485 981; baseline 0 0"><span class='ocrx_word' id='word_1_226' title='bbox 1410 947 1485 981; x_wconf 85' lang='lat'>430</span> 
     </span>
    </p>
   </div>
   <div class='ocr_carea' id='block_1_6' title="bbox 1410 1268 1482 1303">
    <p class='ocr_par' dir='ltr' id='par_1_37' title="bbox 1410 1268 1482 1303">
     <span class='ocr_line' id='line_1_38' title="bbox 1410 1268 1482 1303; baseline 0 -1"><span class='ocrx_word' id='word_1_227' title='bbox 1410 1268 1482 1303; x_wconf 77' lang='lat'>435</span> 
     </span>
    </p>
   </div>
   <div class='ocr_carea' id='block_1_7' title="bbox 1409 1586 1484 1621">
    <p class='ocr_par' dir='ltr' id='par_1_38' title="bbox 1409 1586 1484 1621">
     <span class='ocr_line' id='line_1_39' title="bbox 1409 1586 1484 1621; baseline 0 0"><span class='ocrx_word' id='word_1_228' title='bbox 1409 1586 1484 1621; x_wconf 80' lang='lat'>440</span> 
     </span>
    </p>
   </div>
   <div class='ocr_carea' id='block_1_8' title="bbox 1408 1905 1480 1940">
    <p class='ocr_par' dir='ltr' id='par_1_39' title="bbox 1408 1905 1480 1940">
     <span class='ocr_line' id='line_1_40' title="bbox 1408 1905 1480 1940; baseline -0.014 0"><span class='ocrx_word' id='word_1_229' title='bbox 1408 1905 1480 1940; x_wconf 84' lang='lat'>445</span> 
     </span>
    </p>
   </div>
   <div class='ocr_carea' id='block_1_9' title="bbox 1406 2223 1481 2259">
    <p class='ocr_par' dir='ltr' id='par_1_40' title="bbox 1406 2223 1481 2259">
     <span class='ocr_line' id='line_1_41' title="bbox 1406 2223 1481 2259; baseline 0 0"><span class='ocrx_word' id='word_1_230' title='bbox 1406 2223 1481 2259; x_wconf 79' lang='lat'>450</span> 
     </span>
    </p>
   </div>
  </div>
 </body>
</html>
