1701 2605
161 158 209 196 52
718 167 885 195 nomon.

159 262 287 306 Quam
307 262 428 310 nobis,
449 261 542 312 quid
562 273 666 298 nunc
686 263 786 297 esset
805 261 947 298 vetus?
976 261 1048 296 aut
1067 258 1162 308 quid
1181 258 1355 305 haberet,

158 323 269 368 Quod
288 323 434 373 legeret
452 326 674 372 tereretque
694 321 841 359 viritim
862 320 1039 370 publicus
1059 321 1177 358 usus?

160 384 219 421 Ut
237 385 407 434 primum
427 385 564 434 positis
582 384 726 434 nugari
744 383 911 420 Graecia
933 381 1041 419 bellis

158 445 293 494 Coepit
312 450 349 482 et
370 446 411 482 in
430 446 572 482 vitium
592 445 755 481 fortuna
772 443 897 480 labier
915 456 1052 492 aequa,

157 507 198 543 N
199 520 275 544 unc
293 508 536 544 athletarum
556 507 694 544 studiis
713 518 817 542 nunc
837 504 936 541 arsit
956 517 1155 554 equorum,

158 568 369 605 Marmoris
388 572 460 605 aut
479 569 604 605 eboris
622 567 757 604 fabros
778 572 848 603 aut
868 566 969 603 aeris
989 566 1154 612 amavit,

159 630 367 680 Suspendit
386 631 492 680 picta
512 630 663 667 voltum
684 632 933 677 mentemque
952 628 1111 673 tabella,

156 691 275 728 Nunc
294 691 531 737 tibicinibus,
552 703 656 727 nunc
675 693 734 726 est
753 689 889 738 gavisa
907 688 1125 737 tragocclis3

157 751 238 788 Sub
258 752 411 788 nutrice
430 752 561 801 puella
580 751 689 788 velut
708 751 740 787 si
759 750 911 786 luderet
931 749 1075 795 infans,

156 813 266 858 Quod
287 813 424 863 cupide
442 813 568 862 petiit,
590 815 746 849 mature
765 811 881 861 plena
900 810 1074 859 reliquit.

156 875 242 911 Hoc
260 887 374 923 paces
392 874 564 910 habuere
583 873 709 910 bonae
729 873 914 921 ventique
934 871 1104 909 secundi.

156 936 305 972 Romae
324 935 434 972 dulce
453 935 518 971 diu
539 935 617 972 fuit
637 938 677 971 et
696 934 881 971 sollemne
900 933 1049 969 reclusa

156 996 276 1033 Mane
297 996 409 1033 domo
429 996 605 1045 vigilare,
626 995 759 1032 clienti
780 1007 957 1044 promere
976 994 1073 1039 iura,

154 1058 300 1095 Cautos
319 1058 541 1095 nominibus
560 1057 677 1094 rectis
697 1056 913 1105 expendere
933 1068 1124 1101 nummos,

155 1119 325 1156 Maiores
344 1119 492 1165 audire,
512 1118 653 1155 minori
671 1117 798 1153 dicere
817 1130 885 1166 per
905 1129 1005 1165 quae

153 1181 332 1217 Crescere
351 1193 412 1217 res
430 1184 568 1230 posset⁷
589 1179 714 1216 minui
734 1179 919 1215 damnosa
939 1177 1067 1214 libido.

154 1241 255 1286 Quid
274 1242 403 1290 placet
424 1244 495 1277 aut
514 1241 649 1286 odiost,
670 1239 773 1289 quod
793 1251 870 1275 non
892 1238 1082 1275 mutabile
1101 1238 1259 1274 credas?

154 1303 332 1339 Mutavit
352 1305 523 1339 mentem
543 1302 710 1351 populus
730 1300 836 1347 levis,
858 1304 898 1337 et
917 1299 1020 1336 calet
1040 1312 1117 1336 uno

154 1363 354 1400 Scribendi
372 1363 525 1400 studio:
555 1363 666 1411 pueri
685 1365 894 1411 patresque
913 1360 1037 1396 severi

152 1425 305 1462 Fronde
324 1437 453 1461 comas
474 1423 596 1460 vincti
616 1426 761 1460 cenant
780 1426 820 1459 et
840 1421 1016 1458 carmina
1036 1421 1200 1458 dictant.

152 1487 243 1535 Ipse
263 1498 343 1535 eg0‚
365 1486 432 1534 qui
452 1485 579 1522 nullos
597 1497 658 1521 me
677 1484 842 1520 adfirmo
860 1483 1026 1519 scribere
1045 1495 1189 1528 versus,

153 1547 338 1584 Iuvenior
358 1546 519 1583 Parthis
540 1545 772 1591 mendacior,
793 1547 832 1581 et
851 1544 959 1592 prius
978 1547 1064 1579 orto

153 1609 239 1645 Sole
258 1608 351 1657 vigil
371 1608 567 1644 calamum
586 1610 626 1643 et
645 1606 803 1642 chartas
823 1608 863 1641 et
882 1604 1022 1640 scrinia
1043 1616 1164 1652 posco.

151 1670 192 1706 N
195 1669 299 1706 avim
319 1681 435 1718 agere
454 1669 616 1717 ignarus
635 1667 747 1704 navis
765 1666 891 1711 timet,
912 1666 1146 1702 abrotonum
1166 1678 1283 1714 aegro

151 1731 243 1768 Non
263 1730 382 1766 audet
401 1730 476 1766 nisi
495 1729 561 1778 qui
582 1728 714 1765 didicit
735 1728 840 1773 dare,
861 1727 963 1775 quod
983 1726 1269 1772 medicorumst,

152 1792 397 1829 Promittunt
418 1791 566 1836 medici,
590 1793 769 1826 tractant
789 1788 949 1824 fabrilia
969 1787 1073 1824 fabri
1085 1801 1095 1834 5

153 1853 367 1890 Scribimus
386 1852 533 1889 indocti
553 1851 731 1900 doctique
752 1853 936 1899 poemata
956 1849 1112 1898 passim.

151 1915 229 1951 Hic
247 1928 355 1951 error
374 1917 509 1950 tamen
528 1917 567 1950 et
588 1913 681 1950 levis
701 1913 797 1949 haec
816 1912 969 1948 insania
988 1914 1158 1959 quantas

151 1977 334 2013 Virtutes
353 1976 511 2021 habeat,
532 1975 584 2012 sic
604 1975 738 2023 collige
756 1988 762 2011 ι
793 1973 895 2009 vatis
914 1985 1058 2009 avarus

150 2037 242 2074 Non
262 2040 446 2074 temerest
465 2036 642 2081 animus;
671 2047 805 2071 versus
824 2037 944 2079 amat,
965 2033 1034 2069 hoc
1053 2033 1184 2069 studet
1203 2045 1324 2068 unum
1340 2045 1348 2077 ;

152 2097 414 2144 Detrimenta‚
435 2096 552 2145 fugas
570 2108 781 2141 servorum,
797 2094 973 2131 incendia
992 2093 1103 2140 ridet,

149 2160 242 2196 Non
262 2159 441 2195 fraudem
460 2158 560 2194 socio
578 2169 747 2207 puerove
766 2156 955 2204 incogitat
974 2155 1094 2191 ullam

151 2221 306 2269 Pupillo
322 2234 332 2267 3
361 2220 460 2256 vivit
479 2219 626 2268 siliquis
647 2222 685 2254 ct
705 2230 806 2266 pano
825 2216 990 2253 seeundo
1003 2230 1012 2262 3

151 2282 317 2318 Militiae
336 2293 576 2330 quamquain
595 2280 704 2328 piger
722 2283 761 2315 et
781 2278 917 2324 nialus,
938 2277 1047 2313 utilis
1066 2277 1164 2322 urbi,

153 2343 193 2379 Si
213 2342 281 2379 das
307 2341 388 2388 hoc,
410 2341 540 2391 parvis
558 2353 710 2390 quoquc
730 2340 843 2376 rebus
862 2350 1005 2388 magna
1024 2338 1161 2374 iuvari.

1423 515 1470 553 95

1398 824 1470 849 100

1398 1129 1465 1166 105

1395 1435 1466 1459 110

1393 1739 1460 1776 115

1393 2046 1462 2069 120

1390 2349 1457 2386 125
