1701 2605
644 186 723 212 Ans
753 186 942 213 Pon'rrcA.
1379 175 1454 216 129

129 273 191 312 Sit
209 273 356 311 Medea
374 273 486 312 ferox
507 274 746 325 invictaque,
766 275 912 313 flebilis
931 276 1019 320 Ino,

127 337 313 376 Perfidus
333 338 463 383 Ixion,
484 339 531 377 Io
550 351 664 389 vaga,
683 339 814 378 tristis
835 339 1010 379 Orestes.

126 401 169 439 Si
188 401 288 452 quid
306 402 561 453 inexpertum
581 416 745 442 scaenae
763 404 984 442 committis
1004 408 1046 443 et
1066 405 1190 444 audes
1385 418 1452 454 ¹²5

126 466 347 504 Personam
366 467 541 505 formare
560 481 718 512 novam,
741 472 922 506 servetur
943 469 995 506 ad
1015 470 1155 513 imum,

127 530 269 579 Qualis
289 531 341 568 ab
360 530 520 582 incepto
539 532 788 582 processerit,
809 536 850 570 et
870 533 949 570 sibi
968 537 1136 572 constet.

126 591 299 630 Difficile
317 596 380 629 est
399 593 560 643 proprie
579 594 810 631 communia
829 594 980 640 dicere3
1010 598 1136 645 tuque

127 655 293 694 Rectius
313 655 486 693 Iliaeum
505 670 665 695 carmen
685 657 848 695 deducis
869 658 910 695 in
930 662 1056 703 actus,

127 720 261 768 Quam
281 720 315 758 si
335 720 535 770 proferres
556 721 696 771 ignota
715 721 947 772 indictaque
966 723 1134 773 primus.
1387 737 1458 772 130

129 783 301 822 Publica
319 784 509 822 materies
529 785 679 836 privati
698 785 797 823 iuris
815 786 904 830 erit,
926 786 959 824 si

128 848 222 886 Non
241 848 345 886 circa
365 848 485 886 vilem
505 849 772 900 patulumque
792 850 1014 888 moraberis
1034 852 1171 889 orbem

128 913 213 951 Nec
233 913 354 950 verbo
374 913 542 950 verbum
561 913 720 951 curabis
741 914 906 952 reddere
926 914 1032 952 fidus

127 977 336 1027 Interpres
357 989 428 1015 nec
447 977 606 1016 desilies
626 977 808 1016 imitator
827 978 870 1016 in
889 983 1036 1023 artum,

129 1040 248 1079 Unde
267 1040 410 1090 pedem
430 1040 609 1091 proferre
628 1041 761 1092 pudor
780 1046 888 1080 vetet
908 1047 980 1080 aut
1000 1043 1131 1094 operis
1150 1043 1224 1082 lex.
1391 1058 1429 1094 ¹3
1438 1057 1456 1093 5

129 1105 213 1143 Nec
233 1104 289 1142 sic
308 1105 487 1155 incipies,
507 1109 555 1143 ut
575 1105 747 1156 scriptor
765 1106 936 1157 cyclicus
957 1107 1074 1145 olim:

131 1168 393 1206 “Fortunam
414 1169 568 1206 Priami
587 1170 759 1208 cantabo
779 1174 820 1208 et
840 1171 972 1209 nobile
993 1171 1182 1209 bellum.”

131 1232 243 1280 Quid
262 1233 432 1282 dignum
452 1236 568 1270 tanto
588 1233 691 1272 feret
711 1234 775 1272 hic
796 1235 1016 1285 promissor
1034 1235 1181 1274 hiatu?

131 1296 370 1335 Parturient
389 1300 558 1342 montes,
580 1302 768 1336 nascetur
786 1298 980 1337 ridiculus
1000 1313 1102 1338 mus.

131 1361 295 1409 Quanto
315 1361 463 1408 rectius
483 1361 558 1406 hic,
581 1362 650 1412 qui
671 1362 728 1399 nil
748 1362 915 1400 molitur
934 1363 1090 1414 inepte:
1390 1380 1460 1414 140

133 1425 247 1463 “Dic
267 1425 380 1469 mihi,
401 1425 533 1469 Musa,
556 1425 700 1470 virum,
721 1430 862 1477 captae
881 1432 973 1478 post
992 1431 1175 1479 tempora
1193 1429 1334 1468 Troiae

132 1488 213 1537 Qui
232 1502 362 1526 mores
381 1489 592 1527 hominum
611 1490 834 1528 multorum
854 1491 957 1528 vidit
975 1495 1016 1529 et
1034 1493 1193 1531 urbes.'’

131 1553 225 1591 Non
244 1553 405 1590 fumum
424 1566 471 1591 ex
491 1553 660 1603 fulgore,
683 1555 752 1592 sed
771 1567 817 1592 ex
838 1555 952 1593 fumo
972 1556 1067 1594 dare
1086 1556 1215 1595 lucem

133 1617 309 1667 Cogitat,
330 1620 377 1654 ut
397 1617 575 1667 speciosa
595 1618 739 1656 dehinc
759 1619 952 1657 miracula
971 1625 1142 1670 promat,

132 1681 386 1732 Antiphaten
408 1681 663 1732 Scyllamque
681 1686 722 1719 et
741 1696 832 1720 cum
854 1683 1026 1734 Cyclope
1046 1684 1293 1735 Charybdim
1312 1702 1319 1731 ;
1393 1700 1458 1735 ¹45

134 1746 218 1784 Nec
237 1745 412 1782 reditum
433 1745 641 1783 Diomedis
661 1746 712 1783 ab
733 1746 900 1784 interitu
922 1747 1114 1797 Meleagri

136 1809 219 1847 Nec
241 1808 400 1858 gemino
421 1809 571 1846 bellum
591 1809 811 1847 Troianum
832 1811 989 1848 orditur
1008 1813 1059 1850 ob
1078 1825 1174 1857 ovo;

137 1874 302 1923 Semper
321 1873 373 1910 ad
391 1877 581 1910 eventum
601 1874 772 1911 festinat
790 1878 831 1911 et
852 1875 891 1911 in
913 1876 1064 1913 medias
1086 1890 1146 1914 res

136 1938 230 1976 Non
252 1950 364 1974 secus
385 1950 430 1975 ac
450 1942 566 1974 notas
587 1938 814 1975 auditorem
835 1939 943 1989 rapit
961 1944 1013 1982 et,
1035 1954 1137 1990 quac

136 2002 336 2052 Desperat
356 2005 531 2039 tractata
551 2002 743 2039 nitescere
763 2015 890 2052 posse,
913 2003 1116 2054 relinquit,
1397 2019 1466 2054 ¹50

137 2066 273 2115 Atque
293 2064 351 2102 ita
370 2065 578 2109 mentitur,
599 2066 655 2103 sic
676 2066 778 2103 veris
799 2066 902 2104 falsa
922 2067 1116 2110 remiscaet,

139 2129 276 2167 Primo
297 2141 346 2166 nc
366 2129 555 2173 medium,
577 2130 708 2167 medio
729 2143 777 2167 ne
797 2130 994 2181 discrepet
1015 2131 1151 2169 imum.

192 2193 266 2236 Tu,
287 2192 386 2242 quid
405 2206 480 2242 ego
498 2197 539 2230 et
559 2193 732 2244 populus
755 2207 909 2231 mecum
930 2195 1139 2238 desideret.
1161 2197 1268 2239 audi,

141 2257 182 2295 Si
203 2256 401 2306 plausoris
421 2269 513 2305 eges
533 2256 672 2295 aulaea
693 2258 892 2295 manentis
911 2263 952 2295 et
974 2272 1100 2308 usquo

141 2320 310 2363 Sessuri‚
331 2320 456 2358 donec
474 2324 615 2358 cantor
635 2327 655 2341 ‘⁴
672 2335 741 2359 vos
762 2321 944 2373 plaudite
959 2323 979 2333 ''
1001 2322 1129 2361 dicat:
1400 2337 1410 2361 1
1421 2337 1438 2372 5
1449 2337 1466 2371 5

252 2384 294 2414 11.
310 2384 374 2411 ΕΡ.
1341 2377 1364 2415 9
