1701 2605
244 172 290 209 18
816 180 983 208 nomon.

238 275 376 324 Longa
395 275 551 313 videtur
570 287 667 325 opus
685 274 930 321 debentibus,
951 277 1000 312 ut
1017 273 1128 323 piger
1147 286 1278 310 annus

239 336 416 385 Pupillis,
435 349 532 386 quos
550 336 650 373 dura
666 336 812 386 premit
829 335 1007 373 custodia
1027 338 1204 371 matrum
1219 346 1226 371 :

239 399 301 435 sio
320 399 417 435 mihi
435 398 553 435 tarda
572 398 704 435 fluunt
722 398 960 447 ingrataque
979 403 1169 445 tempora,
1190 408 1292 445 quae
1310 408 1418 446 spem

238 459 529 508 Consiliumque
549 463 757 496 morantur
777 458 919 508 agendi
938 458 1096 495 naviter
1114 456 1154 494 id
1172 456 1276 506 quod

236 521 376 570 Aeque
394 521 633 570 pauperibus
651 520 821 570 prodest,
841 519 1098 569 locupletibus
1117 530 1253 567 aeque,

238 582 376 631 Aeque
394 582 618 631 neglectum
637 581 768 630 pueris
787 581 1021 630 senibusque
1039 579 1204 617 nocebit.

238 643 393 689 Restat,
414 647 461 679 ut
480 643 541 679 his
560 655 630 692 ego
649 655 711 679 me
725 643 806 692 ipse
824 655 959 692 regam
978 642 1154 690 solerque
1173 641 1385 678 elementis.

237 705 330 742 Non
348 704 468 754 possis
485 704 595 741 oculo
613 708 810 754 quantum
829 703 1063 740 contendere
1083 703 1282 752 Lynceus:

239 766 334 803 Non
352 769 488 803 tamen
507 766 648 803 idcirco
666 770 896 804 contemnas
914 766 1044 815 lippus
1063 764 1229 814 inungui
1244 776 1258 812 5

236 827 333 874 Nec,
353 827 447 877 quia
466 827 643 877 desperes
662 827 800 865 invicti
819 828 996 864 membra
1012 826 1206 876 Glyconis,

236 888 393 926 Nodosa
411 901 551 938 corpus
570 889 670 925 nolis
688 889 894 938 prohibere
914 889 1116 937 cheragra.

237 950 310 987 Est
327 950 496 999 quadam
517 950 672 999 prodire
692 955 819 994 tenus,
839 950 872 986 si
891 963 970 986 non
990 950 1110 986 datur
1129 949 1248 986 ultra.

238 1011 384 1049 Fervet
402 1012 571 1049 avaritia
590 1011 807 1060 miseroque
825 1011 1006 1060 cupidine
1026 1014 1163 1059 pectus
1178 1023 1185 1046 ε

236 1074 341 1111 Sunt
359 1074 481 1111 verba
500 1078 542 1110 et
561 1086 683 1119 voces,
704 1074 846 1123 quibus
865 1073 971 1109 hunc
990 1072 1113 1109 lenire
1133 1071 1306 1109 dolorem

235 1134 363 1172 Possis
383 1138 424 1171 et
442 1148 630 1185 magnam
650 1135 776 1172 morbi
795 1134 988 1183 deponere
1006 1138 1172 1183 partem.

236 1195 383 1233 Laudis
401 1209 533 1233 amore
552 1200 682 1233 tumes
699 1209 707 1233 z
736 1199 831 1232 sunt
850 1199 959 1232 certa
978 1195 1144 1244 piacula,
1165 1207 1267 1244 quae
1285 1198 1326 1232 te

234 1258 310 1295 Ter
329 1271 426 1307 pure
446 1258 546 1294 lecto
566 1262 756 1307 poterunt
775 1269 953 1294 recreare
972 1257 1114 1294 libello.

235 1319 412 1366 Invidus,
431 1319 653 1366 iracundus,
674 1319 790 1365 iners,
812 1319 981 1364 vinosus,
1003 1321 1171 1364 amator,

233 1381 362 1419 Nemo
380 1381 477 1418 adeo
496 1381 604 1418 ferus
622 1384 693 1427 est,
714 1385 760 1417 ut
779 1393 858 1417 non
877 1381 1077 1417 mitescere
1096 1379 1228 1430 possit,

235 1442 276 1480 Si
296 1442 409 1479 modo
428 1442 606 1479 culturae
627 1443 844 1492 patientem
863 1441 1083 1478 commodet
1103 1453 1250 1478 aurem.

234 1503 377 1540 Virtus
395 1507 456 1540 est
474 1503 615 1540 vitium
636 1502 774 1552 fugere
792 1506 833 1540 et
851 1502 1047 1552 sapientia
1067 1502 1196 1551 prima

236 1564 418 1602 Stultitia
439 1564 616 1602 caruisse.
673 1564 806 1610 Vides,
829 1576 930 1613 quae
951 1563 1123 1599 maxima
1141 1562 1267 1599 credis

235 1627 329 1664 Esse
349 1626 466 1673 mala,
488 1627 674 1676 exiguum
693 1638 853 1663 censum
872 1629 1108 1675 turpemque
1127 1625 1342 1674 repulsam,

234 1688 394 1731 Quanto
413 1688 561 1725 devites
581 1688 704 1724 animi
724 1687 942 1736 capitisque
961 1687 1116 1733 labore3

233 1749 398 1798 Inpiger
417 1753 611 1786 extremos
630 1749 754 1785 curris
774 1752 970 1785 mercator
989 1747 1039 1784 ad
1059 1747 1190 1793 Indos,

234 1810 311 1847 Per
330 1822 438 1846 mare
457 1809 684 1859 pauperiem
703 1809 869 1858 fugiens,
890 1821 961 1857 per
980 1820 1088 1854 saxa,
1109 1820 1180 1856 per
1198 1808 1331 1856 ignes:

233 1871 296 1908 Ne
315 1883 426 1907 cures
444 1883 502 1917 ea,
522 1883 624 1919 quae
643 1870 765 1907 stulte
785 1869 941 1906 miraris
961 1872 1002 1905 et
1021 1873 1146 1917 optas,

235 1933 393 1970 Discere
411 1935 452 1968 et
470 1932 608 1968 audire
626 1934 667 1969 et
687 1931 836 1968 meliori
855 1930 1010 1967 credere
1029 1942 1108 1967 non
1128 1930 1212 1967 vis?

233 1994 329 2039 Quis
348 1994 493 2030 circum
513 2006 634 2043 pagos
653 1997 693 2030 et
712 1993 857 2030 circum
877 1992 1048 2042 compita
1067 2004 1230 2041 pugnax

234 2055 386 2103 Magna
405 2054 582 2091 coronari
602 2057 828 2090 contemnat
847 2052 1041 2102 Olympia,
1062 2052 1126 2089 cui
1144 2065 1240 2102 spes,

233 2116 307 2154 Oui
325 2116 376 2152 sit
394 2116 564 2153 condicio
583 2115 704 2152 dulcis
724 2116 807 2152 sine
825 2114 986 2164 pulvere
1005 2114 1183 2164 palmae?

234 2177 365 2214 Vilius
382 2180 631 2227 argentumst
650 2189 759 2222 auro,
782 2176 999 2213 virtutibus
1018 2187 1183 2212 aurum:

235 2243 259 2261 “
274 2239 308 2277 O
327 2239 438 2287 cives,
459 2239 573 2286 cives,
593 2238 819 2288 quaerenda
838 2238 1004 2288 pecunia
1023 2238 1234 2287 primumst
1251 2251 1262 2285 ;

233 2301 375 2339 Virtus
394 2305 481 2351 post
501 2314 681 2338 nummos
694 2300 712 2315 '’
726 2314 736 2348 3
765 2301 862 2338 haec
882 2301 1007 2337 Ianus
1025 2312 1201 2337 summus
1220 2299 1271 2336 ab
1290 2299 1368 2336 imo

233 2361 434 2409 Prodocet,
454 2361 550 2399 haec
568 2362 751 2398 recinunt
770 2361 929 2398 iuvenes
948 2361 1097 2398 dictata
1117 2372 1314 2411 senesque,

1507 841 1557 878 30

1507 1145 1553 1183 35

1505 1455 1556 1488 40

1504 1760 1552 1796 45

1503 2371 1550 2410 55
