1701 2605
178 177 283 216 xm„
303 167 404 219 xm]
648 175 839 212 emsrtss,
869 176 973 204 BOOK
1003 175 1028 203 1.

774 304 900 342 XIII.
1075 256 1132 339 {s

177 397 242 434 UT
260 395 565 445 proficiscentem
584 393 696 431 docui
715 396 756 430 te
774 404 888 441 saepe
907 392 1062 441 diuque,

176 457 359 506 Augusto
376 455 512 493 reddes
529 455 686 505 signata
705 454 918 500 volumina,
937 454 1046 500 Vini,

178 518 219 556 Si
238 517 404 564 validus,
424 518 456 553 si
475 517 604 553 laetus
622 516 710 560 erit,
732 516 764 552 si
783 515 951 564 denique
970 519 1127 564 poscet3

176 581 238 618 Ne
259 579 388 616 studio
406 578 533 615 nostri
552 590 682 626 peccrs
701 576 907 626 odiumque
926 575 1066 612 libellis

176 641 342 680 Sedulus
359 641 533 690 inportes
551 652 642 688 oper
645 653 668 675 a
687 652 710 674 v
713 642 867 676 emente
885 637 1076 674 minister.

177 703 218 741 Si
236 707 278 740 te
295 702 399 740 forte
418 714 531 751 φερε
538 713 678 760 ωε
696 703 786 737 uret
804 712 958 753 sarcina
977 698 1152 753 chartae,

174 764 333 802 Abicite
351 764 493 814 potius,
513 775 633 812 quam
653 774 731 811 quo
749 773 818 810 per
820 760 922 798 ferre
939 759 1085 797 iuberis

175 826 353 864 Clitellas
371 824 507 862 ferus
497 823 690 873 inpingas,
710 822 936 870 Asinaeque
955 824 1167 870 paternum

175 888 401 938 Cognomen
418 890 551 924 vertas
568 886 610 922 in
630 885 753 922 risum
772 888 813 921 et
830 883 968 920 fabula
989 883 1070 918 fias.

174 949 340 986 Viribus
358 948 482 985 uteris
499 958 570 997 per
587 945 715 991 clivos,
736 944 911 990 fiumina,
933 944 1091 988 lamas3

173 1010 316 1048 Victor
335 1008 525 1059 propositi
542 1007 661 1044 simul
679 1019 725 1044 ac
744 1004 966 1055 perveneris
985 1004 1090 1049 illue,

175 1071 237 1109 Sic
255 1071 426 1120 positum
444 1069 618 1106 servabis
635 1080 744 1113 onus,
765 1079 814 1103 ne
832 1065 893 1102 f01
895 1069 935 1102 te
953 1065 1025 1101 sub
1045 1063 1093 1099 al
1086 1076 1109 1099 ιι

175 1132 422 1170 Fasciculum
441 1134 572 1181 portes
590 1129 666 1166 lib1
668 1141 780 1166 orum
799 1132 844 1164 ut
864 1126 1033 1164 rusticus
1053 1137 1212 1174 agnum,

174 1195 236 1234 Ut
253 1194 390 1238 rigosa
408 1193 648 1288 ἓΙοηιξψ
578 1191 704 1229 furtiv
707 1203 753 1228 ae
772 1189 942 1239 Pyrrhia
960 1189 1026 1225 lan
1030 1200 1086 1233 ae,

173 1254 236 1292 Ut
253 1266 344 1291 cum
361 1251 502 1302 pileolo
599 1262 642 1287 as
656 1233 824 1287 conviva
843 1247 1012 1285 tribulis

174 1317 265 1354 Neu
282 1315 396 1366 volgo
415 1326 563 1360 narres,
584 1316 625 1350 te
643 1312 778 1350 sudav
767 1323 842 1349 isse
859 1309 1019 1348 ferendo

174 1377 374 1423 Carmina,
394 1388 495 1426 quae
513 1375 663 1425 possint
680 1374 809 1412 oculos
827 1384 1019 1420 auresque
1039 1369 1184 1407 morari

174 1439 353 1478 Caesaris
368 1452 379 1486 ;
406 1441 543 1475 oratus
561 1436 690 1473 multa
708 1446 831 1485 prece,
851 1433 978 1470 nitere
995 1445 1002 1469 :
1032 1443 1145 1482 porro

174 1500 300 1548 Vade,
320 1499 421 1546 vale,
441 1510 536 1536 cave
554 1510 604 1535 ne
621 1497 769 1534 titubes
787 1494 1055 1543 mandataque
1073 1491 1245 1541 frangas.

776 1713 895 1750 XIV.

176 1805 326 1842 V1L1cn
345 1804 534 1842 silvarum
553 1806 594 1840 et
612 1801 708 1839 mihi
730 1813 791 1837 me
810 1798 1006 1836 reddentis
1026 1795 1155 1846 agelli,

173 1866 298 1912 Quem
318 1870 364 1904 tu
382 1865 550 1912 fastidis,
571 1863 800 1902 habitatum
819 1860 990 1910 quinque
1008 1857 1102 1894 focis
1120 1861 1160 1893 et-

174 1927 358 1978 Quinque
374 1927 496 1965 bonos
512 1926 671 1963 solitum
692 1923 859 1960 Variam
879 1920 1077 1957 dimittere
1096 1922 1240 1967 patres,

173 1988 389 2035 Certemus,
409 1987 541 2038 spinas
560 1987 741 2024 animone
760 1996 830 2031 ego
848 1982 988 2019 fortius
1007 1993 1058 2015 an
1079 1984 1124 2015 tu

173 2049 332 2088 Evellas
349 2061 456 2099 agro,
476 2052 517 2086 et
536 2047 671 2085 melior
688 2045 740 2083 sit
763 2043 956 2081 Horatius
974 2055 1025 2077 an
1046 2053 1115 2076 res.

174 2111 243 2150 Me
261 2110 441 2161 quamvis
460 2109 622 2147 Lamiae
641 2107 764 2157 pietas
785 2110 825 2142 et
843 2116 938 2142 cura.
959 2106 1147 2146 moratur,

174 2174 359 2211 Fratrem
378 2169 603 2216 maerentis,
624 2171 740 2218 rapto
758 2166 804 2203 de
824 2165 948 2201 fratre
967 2161 1132 2199 dolentis

173 2233 442 2272 Insolabiliter
451 2246 463 2281 3
492 2236 628 2270 tamen
646 2230 746 2266 istuc
765 2238 874 2264 mens
892 2225 1122 2272 animusque

173 2296 270 2334 Fert
285 2298 327 2333 et
344 2297 456 2332 amat
472 2291 611 2343 spatiis
628 2290 827 2328 obstantla
846 2297 1026 2335 rumpere
1044 2284 1215 2320 clauum

173 2354 284 2396 Rure
301 2367 373 2406 ego
390 2355 600 2400 viventem,
620 2355 665 2389 tu
684 2350 776 2388 dicis
794 2349 836 2386 in
856 2347 951 2385 urbo
970 2347 1147 2383 beatum:

1444 165 1493 202 35

1452 955 1491 978 10

1450 1255 1490 1292 15

1446 2351 1486 2375 10
