1701 2605
173 152 252 206 xm]
641 162 833 197 musrmzs,
867 162 969 187 1100ss
999 162 1025 188 1.
1088 192 1091 194 ,
1440 151 1485 187 37

171 366 288 422 QU-AE
305 375 359 414 sit
377 375 416 413 h
443 387 529 444 mps
548 352 699 485 νῦὶίξθ,
690 368 822 424 ,illu-od
832 287 1180 496 νειθΙιιιιιέὟῘ-ειῇ,
1166 350 1329 470 :solnm

172 438 348 483 Quorum
367 436 393 474 h
459 436 571 473 inum
589 449 630 473 re
673 448 694 472 ο
712 439 753 472 et
771 448 823 484 qu
852 434 899 472 lis
917 447 982 471 vla
1019 447 1110 471 mm
1128 434 1194 472 mil
1245 434 1315 470 Β·ιί
1321 446 1362 469 is

173 499 292 536 Musa
310 510 573 548 supervacuas
591 496 804 541 Antonius,
824 500 866 533 et
883 500 1020 533 tamen
1038 495 1115 532 illis

172 559 242 598 Me
259 559 359 597 facit
377 559 560 605 invisum,
579 557 708 607 gelida
726 570 813 594 eum
834 557 991 607 perluor
1010 556 1115 594 unda

172 621 250 659 Per
267 621 439 659 medium
459 619 595 669 frigus.
654 619 757 656 Sane
777 621 951 655 murteta
969 618 1139 667 relinqui
1470 629 1490 667 5

174 683 370 732 Dictaque
388 685 605 719 cessantem
625 680 757 717 nervis
774 679 917 716 elidere
935 679 1114 715 morbum

174 743 338 782 Sulfura
358 743 556 781 contemni
574 741 684 778 vicus
702 740 837 791 gemit,
855 739 1012 777 invidus
1027 739 1166 787 aegris,

173 805 251 851 Qui
269 808 389 855 caput
407 808 447 841 et
466 803 711 841 stomachum
729 813 948 852 supponere
973 799 1153 837 fontibus
1173 797 1321 835 audent

173 866 355 912 Clusinis,
375 865 599 914 Gabiosque
617 867 761 914 petunt
780 868 820 900 et
838 861 981 912 frigida
1000 875 1107 898 rura.

174 927 396 965 Mutandus
415 927 521 963 locus
540 929 601 963 est
619 929 660 962 et
678 924 899 962 deversoria
917 926 1013 960 nota
1452 935 1494 958 10

173 988 516 1039 Praeter-agendus
534 999 668 1037 equuS.
728 988 750 1007 “
770 986 855 1030 Quo
874 984 1030 1022 tendis?
1084 984 1176 1020 Non
1197 983 1292 1020 mihi
1313 983 1456 1019 Cumas

174 1051 248 1088 Est
265 1051 341 1088 iter
359 1054 431 1087 aut
451 1048 570 1086 Baias
582 1048 600 1063 '¹
620 1048 734 1084 laeva
753 1046 1020 1084 stomachosus
1037 1044 1189 1082 habena

174 1113 290 1150 Dicet
308 1124 424 1162 eques
437 1125 448 1160 3
477 1110 542 1148 sed
562 1110 672 1159 equis
690 1108 888 1146 frenatost
911 1107 1019 1144 auris
1037 1107 1079 1144 in
1098 1105 1181 1157 ore)
1195 1119 1206 1153 3

175 1176 307 1214 Maior
325 1179 462 1212 utrum
481 1173 668 1224 populum
688 1172 882 1209 frumenti
899 1171 1009 1220 copia
1028 1173 1174 1220 pascat,

174 1237 414 1276 Collectosne
432 1236 573 1273 bibant
591 1235 736 1271 imbres
754 1237 943 1283 puteosne
963 1243 1152 1281 perennes
1452 1243 1492 1279 15

174 1299 284 1349 Iugis
303 1311 430 1348 aquae
450 1297 560 1349 (nam
579 1297 673 1334 vina
691 1295 791 1332 nihil
811 1307 940 1332 moror
958 1294 1063 1331 illius
1081 1305 1180 1330 orae.

175 1361 285 1398 Rure
303 1373 389 1398 meo
407 1372 564 1410 possum
584 1357 738 1408 quidvis
757 1356 931 1407 perferre
950 1355 1137 1405 patique3

173 1422 240 1460 Ad
259 1434 368 1459 mare
387 1434 476 1458 cum
495 1419 597 1467 veni,
618 1430 848 1469 generosum
867 1420 908 1454 et
925 1416 1012 1453 lene
1031 1415 1198 1464 requiro,

174 1483 286 1529 Quod
305 1496 419 1521 curas
437 1482 585 1532 abigat,
606 1479 709 1530 quod
728 1491 817 1515 cum
836 1489 902 1527 spe
920 1477 1041 1514 divite
1061 1480 1196 1513 manet

175 1546 228 1583 In
246 1557 366 1583 venas
385 1545 641 1592 animumque
660 1553 803 1586 meum,
823 1539 925 1590 quod
945 1538 1063 1575 verba
1083 1537 1293 1582 ministret,
1450 1550 1496 1573 20

175 1606 286 1652 Quod
305 1619 366 1643 me
385 1606 571 1643 Lucanae
589 1604 773 1641 iuvenem
792 1600 1034 1638 commendet
1050 1598 1215 1649 amicae)
1230 1612 1240 1645 ς

174 1669 342 1707 Tractus
360 1672 452 1705 uter
470 1667 602 1717 plures
621 1665 782 1714 lepores,
803 1666 892 1700 uter
913 1661 1050 1699 educet
1069 1672 1185 1710 apros
1199 1674 1208 1707 3

175 1730 283 1768 Utra
302 1728 427 1778 magis
441 1729 564 1778 pisces
582 1731 624 1764 et
641 1725 796 1763 echinos
815 1735 984 1772 aequora
1002 1722 1141 1767 celent,

175 1791 339 1841 Pinguis
357 1794 404 1827 ut
422 1789 514 1826 inde
532 1788 690 1825 domum
709 1786 850 1836 possim
871 1785 1107 1833 Phaeaxque
1128 1783 1284 1826 revorti,

177 1852 352 1890 Scribere
370 1855 411 1889 te
430 1850 551 1896 nobis,
573 1849 646 1887 tibi
665 1861 736 1886 nos
754 1847 959 1884 adcredere
979 1858 1051 1895 par
1069 1848 1139 1881 est.
1452 1856 1468 1879 2
1478 1857 1491 1889 ς

177 1913 372 1960 Maenius,
393 1916 440 1950 ut
458 1913 576 1950 rebus
593 1910 786 1948 maternis
805 1913 925 1958 atque
944 1907 1118 1956 paternis

177 1975 350 2013 Fortiter
367 1974 587 2024 absumptis
605 1973 780 2010 urbanus
799 1970 924 2020 coepit
943 1969 1079 2005 haberi

177 2036 322 2074 Scurra
341 2048 479 2086 vagus,
500 2047 578 2072 non
599 2034 668 2083 qui
686 2037 836 2069 certum
850 2043 1033 2080 praesepe
1055 2033 1218 2073 teneret,

177 2098 398 2148 Inpransus
417 2110 495 2134 non
514 2096 582 2146 qui
602 2096 726 2132 civem
747 2093 987 2142 dignosceret
1008 2091 1127 2134 hoste,

177 2159 385 2206 Quaelibet
403 2159 445 2195 in
464 2157 639 2207 quemvis
658 2154 868 2206 opprobria
888 2153 1036 2201 fingere
1056 2162 1205 2194 saevus,
1448 2158 1495 2193 30

178 2220 372 2258 Pernicies
390 2224 432 2257 et
450 2223 663 2268 tempestas
682 2215 998 2263 barathrumque
1018 2211 1180 2255 macelli,

177 2281 375 2332 Quidquid
392 2280 614 2331 quaesierat
632 2277 762 2316 ventri
781 2276 954 2313 donabat
973 2285 1102 2310 avaro.

180 2343 271 2390 Hic,
291 2342 358 2379 ubi
378 2341 578 2393 nequitiae
597 2338 820 2378 fautoribus
838 2341 877 2373 et
899 2335 1041 2372 timidisv
1064 2333 1116 2370 nil
