1701 2605
521 608 569 658 Q.
619 609 835 653 HORATI
882 611 1082 656 FLAcct

359 721 1234 793 EPISTULARUM

579 859 752 898 LIBER
787 860 1016 900 PRIMUS.

931 971 1065 1057 λβ

909 1054 931 1073 ν

787 1068 820 1106 Ι.

134 1141 361 1220 PRIMA
379 1143 482 1182 dicte
500 1144 610 1192 mihi,
630 1159 784 1184 summa
803 1146 964 1186 dicende
983 1149 1170 1197 Camena,

259 1204 488 1255 Spectatum
507 1207 605 1244 satis
623 1212 663 1245 et
681 1208 872 1246 donatum
892 1210 971 1246 iam
991 1211 1088 1248 rude
1106 1211 1273 1261 quaeris,

134 1265 357 1314 Maecenas,
378 1267 523 1305 iterum
542 1269 707 1318 antiquo
727 1282 789 1307 me
808 1271 1006 1308 includere
1026 1272 1145 1310 ludo‘.l

131 1326 225 1365 Non
244 1329 420 1366 eademst
439 1335 563 1376 aetas,
584 1343 664 1367 non
683 1343 802 1369 mens.
860 1332 1051 1370 Veianius
1071 1334 1192 1371 armis

132 1388 318 1427 Herculis
336 1390 386 1427 ad
406 1395 556 1440 postem
576 1392 662 1429 fixis
681 1393 782 1429 latet
801 1393 958 1430 abditus
976 1407 1083 1443 agro,
1431 1408 1453 1447 5

130 1450 195 1488 Ne
213 1451 403 1502 populum
421 1457 600 1490 extrema
619 1453 766 1491 totiens
785 1460 919 1492 exoret
938 1469 1070 1493 arena.

129 1511 205 1550 Est
223 1513 321 1550 mihi
340 1519 555 1564 purgatam
574 1516 707 1553 erebro
726 1516 793 1565 qui
814 1522 995 1565 personet
1014 1529 1175 1556 aurem:

130 1576 154 1595 “
167 1574 282 1613 Solve
299 1581 564 1613 senescentem
584 1582 742 1615 mature
761 1590 879 1615 sanus
897 1591 1054 1628 equum,
1075 1591 1125 1616 ne

129 1634 268 1674 Peeeet
287 1637 338 1674 ad
356 1643 578 1675 extremum
599 1638 783 1675 ridendus
801 1644 842 1676 et
861 1639 930 1676 ilia
949 1640 1104 1678 ducat.’'

127 1696 170 1734 N
171 1710 248 1736 unc
266 1697 403 1748 itaque
422 1703 464 1736 et
483 1712 617 1736 versus
636 1704 677 1737 et
695 1706 825 1738 cetera
845 1701 994 1738 ludicra
1014 1715 1114 1752 pono
1128 1716 1139 1750 3
1403 1718 1448 1742 10

127 1759 231 1804 Quid
246 1772 382 1797 verum
396 1765 519 1811 atque
538 1761 687 1809 decens,
702 1775 796 1799 euro
815 1766 856 1800 et
874 1776 980 1812 rogo,
996 1768 1037 1800 et
1056 1764 1234 1801 omnisin
1254 1764 1325 1802 hoc
1340 1778 1425 1802 sum
1439 1780 1449 1809 3

127 1820 260 1858 Condo
278 1825 319 1859 et
337 1834 513 1872 conpono
531 1836 633 1873 quae
651 1836 742 1861 mox
760 1824 984 1874 depromere
1003 1826 1156 1874 possim.

125 1881 188 1919 Ac
206 1894 257 1920 ne
275 1882 378 1921 forte
396 1896 518 1933 rogeS‚
539 1896 617 1934 quo
635 1897 698 1921 me
717 1884 825 1932 duce,
845 1898 922 1935 quo
942 1886 1043 1923 Lare
1062 1890 1196 1924 tuter:

124 1942 286 1982 Nullius
304 1945 485 1982 addictus
502 1946 637 1983 iurare
655 1946 697 1982 in
718 1947 837 1984 verba
856 1947 1047 1996 magistri,

123 2004 209 2050 Quo
227 2018 290 2044 me
308 2019 477 2057 cumque
494 2007 600 2056 rapit
618 2012 840 2057 tempestas,
861 2009 1013 2046 deferor
1032 2009 1181 2058 hospes.
1399 2022 1442 2061 15

123 2065 243 2104 Nunc
260 2067 374 2118 agilis
392 2068 443 2105 fio
456 2071 497 2106 et
516 2080 662 2105 mersor
680 2068 858 2106 civilibus
877 2069 1004 2116 undis,

123 2127 301 2167 Virtutis
320 2142 436 2169 verae
453 2137 582 2168 custos
601 2131 829 2181 rigidusque
846 2132 1004 2169 satelles
1017 2145 1028 2179 ς

122 2188 242 2227 Nunc
261 2190 303 2227 in
321 2191 521 2241 Arist1ppi
539 2190 679 2228 furtim
699 2197 908 2242 praecepta
928 2193 1095 2242 relabor,

121 2249 176 2288 Et
193 2251 292 2290 mihi
310 2264 383 2300 res,
403 2265 483 2291 non
502 2266 565 2291 me
582 2254 700 2291 rebus
717 2255 951 2304 subiungere
967 2267 1094 2294 conor.

122 2310 182 2350 Ut
199 2325 279 2350 nox
296 2313 413 2365 longa
431 2315 573 2365 quibus
592 2316 785 2354 mentitur
804 2316 941 2363 amica,
961 2316 1118 2365 diesque
1390 2329 1438 2353 20

198 2381 238 2406 Η.
262 2381 368 2408 1¹:12.1.
1257 2376 1280 2413 2
