1701 2605
148 181 214 237 11.]
614 194 806 231 Ems'rnns,
838 197 941 222 BOOK
972 194 1015 223 11.
1056 171 1059 173 ’

149 290 358 327 Poscentes
376 289 486 327 vario
505 289 676 326 multum
697 289 850 326 diversa
871 289 1012 339 palato.

149 351 251 396 Quid
270 351 384 389 dem?
414 351 508 401 quid
528 364 606 388 non
627 351 742 388 dem?
771 351 904 387 renuis
922 354 979 397 tu,
1001 351 1104 400 quod
1124 351 1232 387 iubet
1251 351 1352 387 alter
1369 364 1377 396 ;

149 413 259 458 Quod
278 413 391 463 petis,
412 413 452 450 id
471 417 604 450 sanest
624 413 796 449 invisum
815 412 1046 461 acidumque
1066 412 1228 448 duobus.

148 476 316 513 Praeter
334 479 465 513 cetera
484 487 546 512 me
567 476 768 512 Romaene
787 478 969 524 poemata
989 487 1120 511 censes

149 537 327 574 Scribere
346 550 455 587 posse
473 537 580 574 inter
599 541 659 574 tot
678 550 791 574 curas
809 541 947 586 totque
966 536 1142 573 labores?

150 600 227 636 Hic
246 612 432 649 sponsum
451 603 578 643 vocat,
601 599 664 636 hic
683 599 864 636 auditum
885 599 1032 648 scripta
1052 598 1197 635 relictis

148 661 340 698 Omnibus
358 661 490 698 officiis
507 675 514 707 ;
545 662 666 698 cubat
687 661 749 698 hic
769 661 809 697 in
829 660 923 697 colle
942 660 1110 706 Quirini,

150 722 227 759 Hic
247 727 422 760 extremo
440 723 482 759 in
501 722 716 769 Aventino,
737 722 918 759 visendus
937 725 1103 770 uterque
1120 734 1126 757 :

149 784 372 821 Intervalla
391 784 497 822 vides
516 784 690 821 humane
710 784 922 821 commoda.
981 786 1003 804 ‘⁴
1019 783 1172 819 Verum

149 846 279 883 Purae
298 850 393 883 sunt
412 847 578 896 plateae,
599 846 698 882 nihil
720 850 764 882 ut
785 845 1070 882 meditantibus
1089 843 1251 881 obstet?

149 909 330 945 Festinat
349 908 497 946 calidus
516 909 632 945 mulis
649 908 873 957 gerulisque
892 907 1126 956 redemptor,

147 971 320 1021 Torquet
338 984 444 1008 nunc
461 970 645 1020 lapidem,
666 983 772 1006 nunc
789 971 927 1019 ingens
945 969 1127 1006 maehina
1145 968 1312 1017 tignum,

148 1032 293 1070 Tristia
311 1033 482 1069 robustis
501 1033 707 1069 luctantur
726 1031 870 1068 funera
889 1031 1087 1080 plaustris,

150 1094 239 1131 Hac
258 1094 413 1131 rabiosa
433 1094 539 1143 fugit
559 1093 678 1139 canis,
700 1093 774 1130 hac
793 1092 996 1129 lutulenta
1015 1093 1097 1128 ruit
1116 1105 1181 1128 sus
1199 1104 1206 1128 :

150 1157 170 1193 Ι
191 1169 297 1193 nunc
317 1159 357 1193 et
376 1168 510 1193 versus
528 1159 659 1193 tecum
680 1155 872 1192 meditare
890 1167 1062 1192 canoros.

149 1218 390 1267 Scriptorum
411 1217 551 1254 chorus
571 1217 697 1254 omnis
715 1221 826 1253 amat
845 1230 983 1254 nemus
1002 1220 1042 1253 et
1063 1216 1167 1265 fugit
1187 1215 1311 1261 urbes,

150 1281 243 1318 Rite
261 1280 382 1317 cliens
402 1280 546 1316 Bacchi
565 1292 701 1317 somno
720 1278 929 1328 gaudentis
948 1282 988 1315 et
1008 1278 1147 1314 umbra
1165 1292 1171 1314 :

149 1343 209 1379 Tu
229 1354 291 1379 mc
312 1342 419 1379 inter
438 1342 628 1391 strepitus
647 1345 861 1379 nocturnos
880 1345 1001 1390 atque
1021 1341 1180 1377 diurnos

149 1404 223 1441 Vis
241 1416 381 1441 canere
400 1408 440 1441 et
459 1407 662 1441 contracta
681 1403 790 1453 sequi
808 1403 974 1452 vestigia
993 1403 1156 1439 vatum?

150 1466 372 1515 Ingenium,
392 1466 464 1503 sibi
485 1465 588 1516 quod
605 1478 750 1502 vacuas
769 1465 955 1502 desumsit
975 1464 1157 1500 Athenas

150 1529 204 1565 Et
223 1528 362 1565 studiis
381 1540 505 1565 annos
524 1531 673 1578 septem
694 1527 801 1565 dedit
820 1526 1071 1576 insenuitque

150 1590 281 1627 Libris
300 1593 340 1628 et
359 1591 475 1636 curis,
495 1593 633 1626 statua
652 1590 894 1627 taciturnius
914 1589 996 1626 exit

150 1652 390 1701 Plerumque
409 1655 450 1689 et
468 1652 550 1689 risu
569 1651 758 1701 populum
779 1652 912 1700 quatit
928 1663 936 1687 :
967 1651 1028 1688 hie
1047 1663 1117 1699 ego
1137 1663 1268 1686 rerum

151 1713 354 1750 Fluctibus
373 1714 414 1750 in
435 1713 571 1750 mediis
590 1717 630 1750 et
650 1713 956 1762 tempestatibus
976 1712 1085 1749 urhis·

151 1775 286 1812 Verba
305 1775 414 1826 lyrae
434 1779 592 1812 motura
611 1788 750 1811 sonum
771 1778 971 1813 conectere
991 1774 1155 1822 digner?

151 1838 290 1875 Frater
307 1842 394 1875 erat
415 1839 565 1875 Romae
584 1837 752 1874 consulti
771 1837 915 1883 rhetor,
938 1841 983 1873 ut
1002 1837 1105 1873 alter

151 1899 328 1936 Alterius
347 1912 524 1937 sermone
544 1912 668 1936 meros
686 1899 842 1936 audiret
861 1899 1038 1943 honores,

151 1961 348 1999 Gracchus
367 1965 414 1998 ut
433 1961 495 1998 hic
514 1961 584 2008 illi,
606 1961 708 1997 foret
728 1960 819 1997 huic
840 1964 885 1996 ut
907 1960 1061 1996 Mucius
1082 1959 1155 1998 1110.

151 2023 226 2069 Qui
247 2024 376 2060 minus
396 2028 557 2071 argutos
576 2026 695 2059 vexat
716 2022 828 2059 furor
848 2023 921 2058 iste
942 2024 1102 2071 pot-tas?

151 2085 337 2122 Carmina
357 2098 541 2134 conpone,
564 2085 624 2121 1110
643 2085 779 2133 elegos,
839 2083 1022 2120 Mirabile
1043 2083 1124 2119 visu

151 2146 435 2195 caelatumque
456 2159 594 2183 novem
617 2145 743 2182 Musis
761 2158 857 2194 opus
877 2147 882 2181 !
939 2145 1108 2193 Adspice
1129 2144 1309 2192 primum,

151 2208 310 2253 Quanto
328 2221 415 2244 cum
435 2207 557 2255 fastu,
578 2211 729 2257 quanto
749 2207 947 2243 molimine
965 2206 1109 2242 circum

151 2269 378 2319 Spectemus
397 2283 561 2307 vacuam
583 2269 774 2307 Romanis
792 2269 950 2306 vatibus
968 2268 1100 2305 :u—‹lciu
1119 2281 1126 2312 ;

151 2331 248 2369 Mox
266 2332 399 2379 etiam,
420 2332 451 2369 si
472 2331 574 2369 forte
594 2345 720 2378 vacas,
742 2344 903 2380 sequere
921 2334 962 2367 et
983 2330 1112 2380 procul
1135 2329 1238 2374 audi,

150 2393 252 2440 Quid
270 2393 378 2431 ferat
397 2397 437 2432 et
456 2407 577 2444 quare
597 2393 670 2431 sibi
690 2397 823 2430 nectat
844 2396 1008 2442 uterquc
1028 2404 1221 2429 coronam.

1424 1103 1468 1140 75

1423 1404 1471 1439 So

1422 2034 1471 2070 90

1420 2339 1466 2378 95
