1701 2605
192 145 240 184 46
770 156 936 185 nonAcE.

786 282 906 321 XIX.
1121 222 1186 327 s

188 371 338 408 Pmsco
357 371 389 407 si
429 371 541 418 redis,
563 371 776 426 Maecenas
793 369 914 416 docte,
935 370 1101 428 Oratinp

185 413 311 482 Nulla
330 431 480 481 placere
499 431 565 468 diu
584 444 655 480 nec
673 431 804 481 vivere
821 416 997 468 caffmina
1014 432 1191 481 possunt,

180 491 297 535 Quae
315 493 544 530 scribuntur
562 494 689 542 aqu'ae
707 481 918 542 potoribus
974 492 1036 530 Ut
1054 492 1157 529 male
1174 504 1290 530 sanos

185 555 407 604 Adscripsit
427 555 544 592 Liber
566 554 720 604 Satyris
740 554 964 604 Faunisque
982 558 1131 604 poetas,
1179 544 1213 550 V
1264 543 1266 545 ‚

185 615 292 652 Vina
312 616 394 653 fere
412 615 541 653 dulces
559 615 744 660 oluerunt
762 628 879 653 mane
898 616 1103 680 Oarqenae.

185 676 386 714 Laudibus
406 674 590 726 arguitur
610 677 693 713 vini
713 676 870 713 vinosus
890 677 1090 713 Homerus
1101 690 1112 724 3

183 739 338 776 Ennius
355 738 438 788 ipse
455 743 571 788 pater
589 751 806 788 numquam
825 738 901 775 nisi
918 742 1034 787 potus
1053 737 1104 785 ad
1122 749 1236 776 arma.

182 800 370 837 Prosiluit
389 800 562 849 dicenda.
621 803 643 820 “
657 800 800 837 Forum
819 799 1033 849 putealque
1051 799 1209 836 Libonis

183 861 383 898 Mandabo
401 861 521 908 siccis,
541 861 712 898 adimam
731 865 892 898 cantare
909 855 1103 897 severis”:

182 923 270 960 Hoc
287 922 404 959 simul
422 921 536 968 edixi,
557 935 637 959 non
656 934 852 959 cessavere
870 925 1008 970 poetae

180 984 388 1021 Nocturno
406 987 558 1020 certare
577 995 695 1030 mero,
716 986 855 1033 putere
875 983 1029 1020 diurno.

180 1043 309 1087 Quid?
337 1044 457 1093 siquis
475 1043 588 1097 yoltu
606 1047 719 1095 torvo
738 1043 846 1080 ferus
864 1047 903 1080 et
923 1043 1019 1093 pede
1037 1043 1143 1080 nudo

180 1105 434 1155 Exiguaeque
454 1099 744 1154 togae‘simulet
763 1109 917 1142 textore
937 1104 1139 1152 Catonem,

178 1166 435 1204 Virtutemne
453 1170 722 1216 repraesentet
741 1178 944 1215 moresque
962 1165 1150 1203 Catonis?

179 1227 305 1276 Rupit
324 1227 518 1264 Iarbitam
538 1227 758 1276 Timagenis
777 1226 931 1263 aemula
949 1226 1098 1276 lingua,

178 1288 285 1325 Dum
305 1288 438 1325 studet
457 1288 633 1325 urbanus
653 1287 857 1337 tenditque
877 1287 1044 1324 disertus
1063 1287 1210 1325 haberi.

179 1348 336 1398 Decipit
355 1348 554 1398 exemplar
573 1348 681 1385 vitiis
698 1348 890 1385 imitabile
906 1360 914 1385 :
943 1347 1046 1396 quod
1064 1347 1097 1384 si

176 1409 371 1447 Pallerem
391 1422 496 1456 casu,
515 1409 694 1446 biberent
711 1421 908 1458 exsangue
926 1409 1137 1445 cuminum.

176 1471 210 1509 O
229 1471 459 1517 imitatores,
479 1483 636 1508 servum
656 1483 783 1520 pecus,
804 1475 851 1507 ut
869 1470 967 1507 mihi
984 1483 1096 1519 saepe

175 1532 314 1578 Bilem,
333 1545 447 1582 saepe
465 1533 591 1570 iocum
611 1533 732 1579 vestri
749 1545 902 1570 movere
920 1532 1117 1570 tumultus
1132 1533 1139 1569 !

176 1594 320 1631 Libera
339 1607 409 1643 per
427 1607 596 1632 vacuum
615 1595 726 1643 posui
745 1594 910 1644 vestigia
929 1595 1119 1643 princeps,

174 1655 266 1692 Non
284 1655 413 1701 aliena
433 1668 516 1692 meo
534 1656 656 1704 pressi
675 1655 779 1704 pede.
837 1655 913 1700 Qui
930 1654 1003 1692 sibi
1021 1654 1118 1699 fidit,

175 1716 269 1754 Dux
286 1707 389 1766 regit
406 1729 583 1754 examen.
639 1717 776 1766 Parios
794 1729 864 1765 ego
884 1716 1032 1765 primus
1051 1715 1199 1752 iambos

174 1776 337 1815 Ostendi
358 1777 484 1823 Latio,
504 1789 686 1814 numeros
705 1778 932 1826 animosque
950 1780 1106 1813 secutus

173 1838 412 1884 Archilochi,
431 1850 510 1874 non
529 1850 590 1874 res
609 1842 649 1874 et
668 1840 828 1886 agentia
847 1838 966 1874 verba
986 1837 1218 1885 Lycamben.

173 1900 233 1936 Ac
252 1911 301 1935 ne
320 1911 382 1935 me
401 1897 505 1934 foliis
523 1898 608 1934 ideo
626 1898 868 1935 brevioribus
886 1910 1010 1943 orneS‚

172 1960 284 2005 Quod
301 1959 418 1996 timui
436 1962 592 1995 mutare
610 1959 740 1996 modos
759 1962 799 1996 et
818 1959 1000 1996 carminis
1020 1953 1144 1994 artem
1160 1971 1167 1994 z

172 2022 382 2071 Temperat
399 2020 626 2057 Archilochi
645 2033 797 2057 musam
816 2020 910 2070 pede
930 2019 1101 2056 mascula
1122 2018 1288 2068 Sappho,

171 2082 382 2131 Temperat
399 2082 579 2126 Alcaeus,
600 2080 665 2118 sed
680 2080 795 2117 rebus
813 2084 854 2117 et
871 2080 1005 2116 ordine
1024 2080 1165 2128 dispar,

171 2144 211 2181 N
213 2155 255 2180 ec
273 2155 448 2179 socerum
468 2142 634 2191 quaerit,
655 2153 770 2190 quem
790 2142 965 2178 versibus
983 2141 1134 2177 oblinat
1153 2140 1260 2186 atris,

170 2204 254 2241 Nec
273 2215 433 2252 sponsae
452 2203 635 2252 laqueum
655 2202 811 2251 famoso
822 2200 1146 2251 ,ρξιΞ-Πᾳιίςῃθῖηθοὴίὺ.

171 2266 295 2303 Hunc
313 2277 394 2314 ego,
416 2277 494 2301 non
513 2264 590 2300 alio
608 2263 756 2300 dictum
775 2275 884 2313 prius
902 2275 979 2308 ore,
1000 2262 1167 2307 Latmus

173 2326 340 2376 Volgavi
359 2325 497 2362 fidicen
511 2338 523 2374 3
550 2335 663 2363 luvat
681 2327 941 2362 mmemorata
959 2316 1152 2360 ferentem

1450 935 1495 960 10

1447 1239 1489 1277 15

1435 1540 1484 1566 20

1433 2167 1482 2204 30
