1701 2605
219 158 267 195 22
790 165 958 193 HolecE.
1375 148 1451 203 [11.‚

221 262 310 300 Non
328 261 459 299 animo
478 272 592 298 curas
609 272 617 298 :
646 260 780 298 valeat
798 271 990 309 possessor
1009 262 1175 308 oportet,

218 323 259 360 Si
277 322 518 372 conportatis
536 322 651 359 rebus
669 322 767 358 bene
786 321 935 370 cogitat
954 320 1026 358 uti.

218 384 295 428 Qui
312 384 421 432 cupit
439 386 511 420 aut
529 382 683 429 metuit,
703 382 817 419 iuvat
836 381 948 418 illum
969 381 1023 418 sic
1041 381 1177 417 domus
1196 384 1235 417 et
1252 392 1326 426 res,
1379 384 1381 386 ’

218 446 279 483 Ut
295 445 448 496 lippum
466 445 595 495 pictae
612 443 786 490 tabulae,
806 442 983 480 fomenta
1002 442 1229 492 podagrum,

218 507 431 544 Auriculas
449 506 626 544 citharae
644 505 805 542 collecta
824 504 935 541 sorde
954 504 1140 543 dolentes·

220 568 460 605 Sincerumst
479 567 556 604 nisi
575 579 655 613 vas,
676 566 946 616 quodcumque
963 565 1140 602 infundis
1159 563 1312 602 acescit.

221 629 366 679 Sperne
384 629 627 678 voluptates:
657 631 770 664 nocet
790 630 923 676 empta
942 626 1072 663 dolore
1090 626 1284 674 voluptas.

221 691 382 740 Semper
400 703 544 727 avarus
563 692 652 739 eget
668 703 675 727 :
707 692 860 726 certum
879 691 969 725 voto
988 691 1078 737 pete
1097 687 1225 724 finem.

221 751 385 788 Invidus
404 751 567 788 alterius
585 749 789 788 macrescit,
807 749 925 786 rebus
943 749 1104 798 opimis;

221 813 377 849 Invidia
398 811 517 849 Siculi
536 825 615 849 non
632 812 818 848 invenere
835 810 1001 859 tyranni

222 874 355 911 Maius
373 877 625 912 tormentum.
684 873 760 918 Qui
778 885 857 910 non
877 871 1145 909 moderabitur
1162 871 1256 918 irae,

222 934 422 972 Infectum
442 935 546 972 volet
564 948 646 973 esse
677 935 784 972 dolor
802 934 905 984 quod
923 935 1092 971 suaserit
1111 937 1152 971 et
1170 944 1293 979 mem,

222 997 329 1034 Dum
347 1008 492 1046 poenas
510 996 596 1033 odio
614 1009 685 1046 per
703 996 784 1033 vim
803 995 968 1032 festinat
986 995 1125 1032 inulto.

222 1058 292 1095 Ira
310 1058 422 1095 furor
440 1058 570 1095 brevis
589 1061 669 1095 est:
699 1057 877 1094 animum
897 1069 987 1106 rege
1002 1071 1012 1101 3
1041 1056 1110 1106 qui
1128 1056 1203 1093 nisi
1221 1058 1346 1105 paret,

223 1119 401 1168 Imperat
418 1131 425 1155 :
455 1119 560 1156 hunc
578 1119 711 1165 frenis,
732 1119 837 1155 hunc
856 1122 902 1155 tu
922 1130 1105 1167 conpesce
1124 1121 1274 1154 catena.

223 1180 357 1230 Fingit
375 1193 520 1230 equum
537 1184 675 1217 tenera
694 1181 855 1218 docilem
874 1179 1020 1217 cervice
1038 1179 1226 1229 magister

223 1243 290 1279 Ire
309 1242 414 1279 viam
432 1255 510 1291 qua
527 1246 720 1279 monstret
740 1254 856 1291 eques
869 1254 880 1288 3
908 1241 1122 1287 venaticus,
1144 1253 1191 1276 ex
1210 1253 1287 1289 quo

223 1305 410 1353 Tempore
429 1304 627 1340 cervinam
646 1303 786 1352 pellem
805 1302 970 1339 latravit
989 1302 1032 1339 in
1051 1301 1153 1348 aula,

226 1365 379 1402 Militat
396 1367 438 1402 in
458 1365 564 1402 silvis
582 1365 749 1402 catulus.
805 1365 925 1401 Nunc
945 1364 1083 1401 adbibe
1101 1376 1201 1413 puro

225 1428 387 1464 Pectore
405 1427 536 1474 verba,
558 1439 666 1476 puer,
687 1439 793 1464 nunc
811 1430 852 1463 te
871 1426 1098 1463 melioribus
1117 1425 1224 1463 offer.

227 1489 310 1532 Quo
330 1487 445 1525 semel
464 1492 523 1524 est
542 1488 696 1524 imbuta
716 1500 847 1525 recens
866 1487 1040 1524 servabit
1057 1486 1214 1523 odorem

225 1549 340 1586 Testa
359 1548 437 1585 diu.
494 1548 639 1592 Quodsi
657 1560 782 1585 cessas
799 1552 873 1585 aut
891 1551 1077 1585 strenuus
1096 1546 1213 1592 antis,

226 1611 309 1648 Nec
326 1609 486 1647 tardum
506 1609 684 1658 opperior
702 1622 774 1647 nec
792 1609 1117 1659 praecedentibus
1134 1608 1250 1646 insto.

846 1832 931 1870 III.
1090 1726 1147 1876 j)

229 1913 322 1949 IULI
342 1913 465 1958 Flore,
486 1912 628 1962 quibus
646 1915 845 1949 terrarum
864 1910 1008 1947 militet
1026 1909 1103 1946 oris

228 1974 414 2010 Claudius
432 1974 608 2023 Augusti
626 1972 841 2022 privignus,
861 1972 959 2008 scire
978 1971 1121 2008 laboro.

228 2035 431 2090 Thracape
449 2047 516 2071 vos
537 2034 773 2083 Hebrusque
792 2033 914 2070 nivali
931 2031 1111 2081 compede
1130 2030 1298 2077 vinctus,

227 2097 296 2134 An
314 2095 418 2132 freta
435 2095 583 2132 vicinas
601 2096 705 2132 inter
722 2093 923 2131 currentia
941 2097 1082 2138 turres,

230 2158 297 2192 An
316 2156 478 2205 pingues
497 2155 616 2192 Asiae
634 2155 762 2204 campi
781 2154 971 2204 collesque
989 2154 1223 2190 morantur?

230 2217 331 2262 Quid
351 2216 523 2253 studiosa
542 2216 675 2253 cohors
694 2228 856 2265 operum
874 2215 1018 2252 struit?
1048 2215 1118 2251 hoc
1136 2224 1288 2263 quoque
1307 2223 1410 2248 curo.

231 2278 325 2324 Quis
344 2278 417 2314 sibi
436 2290 496 2314 rcs
515 2281 644 2326 gestas
663 2276 837 2325 Augusti
855 2276 1022 2313 scribere
1040 2274 1185 2311 sumit?

233 2340 341 2377 Bella
362 2339 448 2389 quis
468 2343 506 2375 et
525 2350 639 2387 paces
658 2338 817 2387 longum
837 2336 1023 2374 diffundit
1041 2336 1082 2372 in
1102 2336 1270 2373 aevum?

1471 162 1532 189 111.

1487 329 1535 367 50

1487 635 1533 673 55

1489 934 1538 969 60

1496 1556 1542 1593 70
