1701 2605
216 173 264 212 26
784 178 949 207 110οΑ011.
1459 161 1527 216 [vl.

214 274 349 312 Gaude
367 274 470 323 quod
488 275 669 322 spectant
687 270 788 308 oculi
806 273 846 306 te
865 268 971 306 mille
990 268 1236 318 loquentem;

213 337 353 374 Navus
371 347 488 372 mane
505 334 635 371 forum
654 335 696 369 et
713 330 959 381 vespertinus
978 333 1068 379 pete
1085 332 1247 374 tectum,
1382 357 1383 360 ,
1480 336 1529 362 20

214 398 277 435 Ne
295 397 383 447 plus
400 394 593 433 frumenti
610 393 805 430 dotalibus
822 394 968 428 emetat
987 389 1093 440 agris

216 459 355 496 Mutus
374 462 415 495 et
434 457 670 508 <ind1gnum,
689 453 792 504 quod
811 453 863 490 sit
881 451 1077 502 peioribus
1095 446 1224 499 ortus)

217 521 294 557 Hic
312 519 386 557 tibi
404 519 456 556 sit
474 518 603 567 potius
622 528 742 566 quam
761 519 809 552 tu
826 512 1018 551 mirabilis
1036 511 1106 549 illi.

214 580 411 630 Quidquid
428 580 501 617 sub
517 581 676 624 terrast,
691 577 734 613 in
753 575 931 625 apricum
950 573 1124 624 proferet
1143 575 1277 619 aetas3

215 642 397 680 Defodiet
415 640 632 688 condetque
650 637 834 674 nitentia.
892 636 991 673 Cum
1010 635 1108 671 bene
1126 636 1267 670 notum
1483 641 1528 678 25

215 703 393 741 Porticus
411 702 614 751 Agrippae
632 704 671 736 et
691 699 755 736 via
774 702 815 735 te
834 696 1077 745 conspexerit:
1096 694 1215 744 Appi,

216 766 283 802 Ire
301 768 435 802 tamen
453 766 591 808 restat,
612 761 747 797 Numa
766 771 843 808 quo
861 757 1019 795 devenit
1036 759 1077 793 et
1093 756 1241 792 Ancus.

217 826 258 864 81
275 827 381 863 latus
399 828 471 861 aut
489 835 602 861 renes
621 822 754 859 morbo
772 822 1024 868 temptantur
1043 820 1172 863 acuto,

216 889 368 932 Quaere
386 886 525 935 fugam
543 883 678 921 morbi.
737 882 810 918 Vis
828 883 933 918 recte
951 879 1103 916 vivere:
1133 876 1218 927 quis
1237 888 1316 912 non
1334 876 1348 913 ’1

218 949 259 986 81
275 949 402 985 virtus
421 948 493 985 hoc
511 959 592 983 una
610 948 740 996 potest
759 944 862 989 dare,
882 942 998 979 fortis
1015 939 1163 978 omissis
1483 948 1533 984 30

217 1011 304 1047 Hoc
323 1022 395 1059 age
414 1008 568 1046 deliciis.
625 1007 831 1044 Virtutem
850 1004 971 1041 verba
989 1006 1107 1052 putas
1126 1003 1166 1037 et

217 1071 370 1108 Lucum
388 1070 495 1119 ligna
513 1081 521 1105 z
550 1080 642 1105 cave
661 1079 711 1104 ne
730 1069 868 1115 portus
887 1066 1048 1112 occupet
1066 1062 1180 1107 alter,

216 1133 280 1170 Ne
299 1131 535 1181 Cibyratica,
555 1142 605 1166 ne
625 1129 804 1178 Bithyna
824 1126 981 1176 negotia
999 1124 1139 1174 perdas
1156 1137 1166 1170 3

218 1194 331 1231 Mille
348 1193 502 1230 talenta
519 1190 797 1236 rotundentur,
818 1188 984 1225 totidem
1002 1186 1141 1231 altera,
1161 1196 1276 1234 porro
1293 1185 1334 1219 013

218 1255 351 1292 Tertia
369 1253 591 1299 succedant,
611 1255 652 1289 et
671 1263 772 1300 quae
790 1261 881 1298 pars
899 1247 1065 1297 quadret
1084 1257 1278 1283 acervum.
1486 1252 1532 1291 35

219 1316 375 1354 Scilicet
394 1326 554 1351 uxorem
573 1325 661 1350 cum
679 1312 768 1348 dote
786 1310 978 1359 fidemque
995 1311 1036 1345 et
1054 1307 1195 1344 amicos

218 1378 272 1414 Et
292 1389 414 1426 genus
432 1378 472 1412 et
490 1374 659 1411 formam
677 1371 814 1421 regina
833 1369 1006 1407 Pecunia
1024 1368 1156 1414 donat,

218 1439 279 1476 Ac
296 1438 395 1475 bene
413 1439 664 1473 nummatum
683 1433 842 1470 decorat
862 1430 1030 1468 Suadela
1048 1429 1274 1477 Venusque.

220 1498 430 1548 Mancipiis
448 1496 618 1546 locuples
635 1498 722 1544 eget
742 1493 842 1530 aeris
861 1491 1137 1541 Cappadocum
1156 1501 1246 1525 rex:

219 1561 282 1597 Ne
300 1559 422 1596 fueris
440 1558 503 1594 hic
521 1561 579 1594 tu.
636 1553 869 1603 Ohlamydes
888 1552 1089 1595 Lucullus,
1111 1554 1157 1587 ut
1176 1549 1302 1595 aiunt,
1487 1561 1537 1594 40

221 1623 262 1660 Si
278 1624 406 1672 posset
424 1623 583 1657 centum
601 1628 764 1654 scaenae
783 1615 968 1664 praebere
985 1616 1158 1662 rogatus,

223 1686 244 1704 ‘⁴
257 1684 334 1728 Qui
352 1694 506 1732 possum
524 1682 611 1718 tot?
631 1678 649 1695 ’'
669 1678 748 1715 ait:
771 1681 941 1714 “tamen
960 1679 999 1712 et
1014 1685 1214 1724 quaeram,
1228 1675 1267 1709 et
1281 1673 1376 1720 quot
1389 1670 1538 1707 habebo

222 1744 387 1782 Mittam
404 1744 421 1759 ’'
438 1757 446 1788 3
475 1747 561 1792 post
580 1741 697 1791 paulo
715 1739 862 1786 scribit,
883 1738 956 1775 sibi
975 1737 1083 1774 milia
1102 1735 1276 1785 quinque

221 1807 316 1843 Esse
334 1805 437 1842 domi
453 1802 718 1852 chlamydum,
738 1804 893 1850 partem
911 1799 973 1837 vel
992 1797 1147 1835 tolleret
1166 1806 1308 1833 omnes.

223 1867 346 1904 Exilis
365 1867 500 1903 domus
519 1869 589 1910 est,
610 1863 678 1900 ubi
697 1875 776 1899 non
794 1864 835 1898 et
852 1860 981 1897 multa
1001 1859 1212 1908 supersunt
1489 1865 1536 1903 45

224 1930 277 1966 Et
296 1928 497 1965 dominum
517 1925 665 1962 fallunt
683 1927 724 1960 et
741 1926 907 1973 prosunt
924 1921 1089 1958 furibus.
1147 1918 1252 1966 Ergo

225 1989 267 2027 Si
283 2001 345 2025 res
363 1987 444 2024 sola
461 1989 588 2036 potest
607 1985 736 2021 facere
754 1987 794 2020 et
812 1993 969 2019 servare
986 1981 1160 2025 beatum,

224 2052 312 2088 Hoc
330 2048 479 2098 primus
498 2049 652 2096 repetas
671 2056 778 2094 opus,
797 2044 867 2080 hoc
887 2045 1105 2092 postremus
1122 2039 1293 2076 omittas.

226 2111 267 2148 81
286 2109 535 2146 fortunatum
555 2106 699 2156 species
718 2109 758 2142 et
777 2104 905 2153 gratia
924 2105 1110 2152 praestat,

227 2172 450 2209 Mercemur
469 2180 637 2213 servum,
657 2166 725 2216 qui
744 2165 864 2202 dictet
882 2163 1053 2209 nomina,
1072 2162 1225 2198 laevum
1492 2170 1540 2207 50

226 2233 302 2278 Qui
320 2231 462 2268 fodicet
480 2230 586 2265 latus
605 2231 646 2265 et
666 2231 780 2276 cogat
799 2230 912 2262 trans
932 2223 1102 2274 pondera
1122 2222 1302 2260 dextram

228 2293 446 2342 Porrigere:
461 2294 481 2309 ‘⁸
496 2289 573 2327 Hic
587 2289 759 2325 multum
779 2287 820 2323 in
837 2285 959 2322 Fabia
979 2283 1096 2330 valet,
1116 2282 1182 2319 ille
1201 2281 1346 2319 Velina
1363 2294 1374 2328 ;

229 2355 303 2393 Oui
322 2354 418 2390 libet
437 2352 498 2389 hic
517 2350 640 2388 fasces
660 2347 779 2391 dabit,
800 2345 1018 2395 eripietque
1037 2344 1170 2382 curule
