<?xml version="1.0" encoding="UTF-8"?>
<!DOCTYPE html PUBLIC "-//W3C//DTD XHTML 1.0 Transitional//EN"
    "http://www.w3.org/TR/xhtml1/DTD/xhtml1-transitional.dtd">
<html xmlns="http://www.w3.org/1999/xhtml" xml:lang="en" lang="en">
 <head>
  <title>
</title>
<meta http-equiv="Content-Type" content="text/html;charset=utf-8" />
  <meta name='ocr-system' content='tesseract 3.04.00' />
  <meta name='ocr-capabilities' content='ocr_page ocr_carea ocr_par ocr_line ocrx_word'/>
</head>
<body>
  <div class='ocr_page' id='page_1' title='image "./epistles00horauoft_0136.png"; bbox 0 0 1701 2605; ppageno 0'>
   <div class='ocr_carea' id='block_1_1' title="bbox 184 192 938 233">
    <p class='ocr_par' dir='ltr' id='par_1_1' title="bbox 184 192 938 233">
     <span class='ocr_line' id='line_1_1' title="bbox 184 192 938 233; baseline -0.012 0"><span class='ocrx_word' id='word_1_1' title='bbox 184 192 260 233; x_wconf 80' lang='lat'>132</span> <span class='ocrx_word' id='word_1_2' title='bbox 758 200 938 226; x_wconf 79' lang='lat' dir='ltr'>HORACE.</span> 
     </span>
    </p>
   </div>
   <div class='ocr_carea' id='block_1_2' title="bbox 181 289 1368 2384">
    <p class='ocr_par' dir='ltr' id='par_1_2' title="bbox 181 289 1193 346">
     <span class='ocr_line' id='line_1_2' title="bbox 181 289 1193 346; baseline -0.01 -10"><span class='ocrx_word' id='word_1_3' title='bbox 181 296 382 336; x_wconf 81' lang='lat' dir='ltr'>Incolumi</span> <span class='ocrx_word' id='word_1_4' title='bbox 403 295 600 346; x_wconf 79' lang='lat' dir='ltr'>gravitate</span> <span class='ocrx_word' id='word_1_5' title='bbox 620 294 752 331; x_wconf 88' lang='lat' dir='ltr'>iocum</span> <span class='ocrx_word' id='word_1_6' title='bbox 770 291 986 343; x_wconf 87' lang='lat' dir='ltr'>temptavit</span> <span class='ocrx_word' id='word_1_7' title='bbox 1005 303 1062 335; x_wconf 91' lang='lat' dir='ltr'>eo,</span> <span class='ocrx_word' id='word_1_8' title='bbox 1084 289 1193 340; x_wconf 86' lang='lat' dir='ltr'>quod</span> 
     </span>
    </p>

    <p class='ocr_par' dir='ltr' id='par_1_3' title="bbox 182 355 1128 407">
     <span class='ocr_line' id='line_1_3' title="bbox 182 355 1128 407; baseline -0.01 -6"><span class='ocrx_word' id='word_1_9' title='bbox 182 361 387 401; x_wconf 87' lang='lat' dir='ltr'>Illecebris</span> <span class='ocrx_word' id='word_1_10' title='bbox 407 363 494 398; x_wconf 88' lang='lat' dir='ltr'>erat</span> <span class='ocrx_word' id='word_1_11' title='bbox 513 362 553 397; x_wconf 90' lang='lat' dir='ltr'>et</span> <span class='ocrx_word' id='word_1_12' title='bbox 573 362 688 407; x_wconf 76' lang='lat' dir='ltr'>grata</span> <span class='ocrx_word' id='word_1_13' title='bbox 707 357 889 395; x_wconf 82' lang='lat' dir='ltr'>novitate</span> <span class='ocrx_word' id='word_1_14' title='bbox 908 355 1128 393; x_wconf 86' lang='lat' dir='ltr'>morandus</span> 
     </span>
    </p>

    <p class='ocr_par' dir='ltr' id='par_1_4' title="bbox 185 417 1200 477">
     <span class='ocr_line' id='line_1_4' title="bbox 185 417 1200 477; baseline -0.01 -13"><span class='ocrx_word' id='word_1_15' title='bbox 185 427 393 477; x_wconf 70' lang='lat' dir='ltr'>Spectator</span> <span class='ocrx_word' id='word_1_16' title='bbox 412 424 658 472; x_wconf 79' lang='lat' dir='ltr'>functusque</span> <span class='ocrx_word' id='word_1_17' title='bbox 680 421 801 459; x_wconf 87' lang='lat' dir='ltr'>sacris</span> <span class='ocrx_word' id='word_1_18' title='bbox 820 424 861 458; x_wconf 89' lang='lat' dir='ltr'>et</span> <span class='ocrx_word' id='word_1_19' title='bbox 880 423 1000 470; x_wconf 85' lang='lat' dir='ltr'>potus</span> <span class='ocrx_word' id='word_1_20' title='bbox 1020 422 1061 456; x_wconf 92' lang='lat' dir='ltr'>et</span> <span class='ocrx_word' id='word_1_21' title='bbox 1080 417 1200 456; x_wconf 82' lang='lat' dir='ltr'>exlex.</span> 
     </span>
    </p>

    <p class='ocr_par' dir='ltr' id='par_1_5' title="bbox 183 483 1138 531">
     <span class='ocr_line' id='line_1_5' title="bbox 183 483 1138 531; baseline -0.009 -3"><span class='ocrx_word' id='word_1_22' title='bbox 183 492 336 528; x_wconf 77' lang='lat' dir='ltr'>Verum</span> <span class='ocrx_word' id='word_1_23' title='bbox 355 489 413 526; x_wconf 87' lang='lat' dir='ltr'>ita</span> <span class='ocrx_word' id='word_1_24' title='bbox 432 488 587 531; x_wconf 85' lang='lat' dir='ltr'>risores,</span> <span class='ocrx_word' id='word_1_25' title='bbox 609 486 666 523; x_wconf 84' lang='lat' dir='ltr'>ita</span> <span class='ocrx_word' id='word_1_26' title='bbox 686 484 964 523; x_wconf 81' lang='lat' dir='ltr'>commendare</span> <span class='ocrx_word' id='word_1_27' title='bbox 984 483 1138 520; x_wconf 85' lang='lat' dir='ltr'>dicaces</span> 
     </span>
    </p>

    <p class='ocr_par' dir='ltr' id='par_1_6' title="bbox 184 547 1113 602">
     <span class='ocr_line' id='line_1_6' title="bbox 184 547 1113 602; baseline -0.012 -8"><span class='ocrx_word' id='word_1_28' title='bbox 184 554 404 594; x_wconf 80' lang='lat' dir='ltr'>Conveniet</span> <span class='ocrx_word' id='word_1_29' title='bbox 426 553 602 602; x_wconf 88' lang='lat' dir='ltr'>Satyros,</span> <span class='ocrx_word' id='word_1_30' title='bbox 626 551 683 587; x_wconf 84' lang='lat' dir='ltr'>ita</span> <span class='ocrx_word' id='word_1_31' title='bbox 703 552 857 587; x_wconf 84' lang='lat' dir='ltr'>vertere</span> <span class='ocrx_word' id='word_1_32' title='bbox 878 548 985 586; x_wconf 87' lang='lat' dir='ltr'>seria</span> <span class='ocrx_word' id='word_1_33' title='bbox 1003 547 1113 591; x_wconf 88' lang='lat' dir='ltr'>ludo,</span> 
     </span>
    </p>

    <p class='ocr_par' dir='ltr' id='par_1_7' title="bbox 186 609 1347 669">
     <span class='ocr_line' id='line_1_7' title="bbox 186 609 1347 669; baseline -0.012 -11"><span class='ocrx_word' id='word_1_34' title='bbox 186 621 260 663; x_wconf 88' lang='lat' dir='ltr'>Ne,</span> <span class='ocrx_word' id='word_1_35' title='bbox 281 618 526 669; x_wconf 78' lang='lat' dir='ltr'>quicumque</span> <span class='ocrx_word' id='word_1_36' title='bbox 545 616 656 659; x_wconf 86' lang='lat' dir='ltr'>deus,</span> <span class='ocrx_word' id='word_1_37' title='bbox 673 613 918 663; x_wconf 79' lang='lat' dir='ltr'>quicumque</span> <span class='ocrx_word' id='word_1_38' title='bbox 938 610 1199 649; x_wconf 66' lang='lat' dir='ltr'>adhibebitur</span> <span class='ocrx_word' id='word_1_39' title='bbox 1218 609 1347 653; x_wconf 87' lang='lat' dir='ltr'>heros,</span> 
     </span>
    </p>

    <p class='ocr_par' dir='ltr' id='par_1_8' title="bbox 188 679 1114 733">
     <span class='ocr_line' id='line_1_8' title="bbox 188 679 1114 733; baseline -0.01 -12"><span class='ocrx_word' id='word_1_40' title='bbox 188 682 330 733; x_wconf 77' lang='lat' dir='ltr'>Regali</span> <span class='ocrx_word' id='word_1_41' title='bbox 349 683 586 731; x_wconf 86' lang='lat' dir='ltr'>conspectus</span> <span class='ocrx_word' id='word_1_42' title='bbox 606 679 648 715; x_wconf 92' lang='lat' dir='ltr'>in</span> <span class='ocrx_word' id='word_1_43' title='bbox 668 691 766 715; x_wconf 89' lang='lat' dir='ltr'>auro</span> <span class='ocrx_word' id='word_1_44' title='bbox 786 690 915 727; x_wconf 83' lang='lat' dir='ltr'>nuper</span> <span class='ocrx_word' id='word_1_45' title='bbox 934 680 974 714; x_wconf 89' lang='lat' dir='ltr'>et</span> <span class='ocrx_word' id='word_1_46' title='bbox 993 679 1114 719; x_wconf 89' lang='lat' dir='ltr'>ostro,</span> 
     </span>
    </p>

    <p class='ocr_par' dir='ltr' id='par_1_9' title="bbox 187 740 1187 798">
     <span class='ocr_line' id='line_1_9' title="bbox 187 740 1187 798; baseline -0.011 -12"><span class='ocrx_word' id='word_1_47' title='bbox 187 749 338 798; x_wconf 80' lang='lat' dir='ltr'>Migret</span> <span class='ocrx_word' id='word_1_48' title='bbox 358 747 400 783; x_wconf 89' lang='lat' dir='ltr'>in</span> <span class='ocrx_word' id='word_1_49' title='bbox 423 746 612 783; x_wconf 89' lang='lat' dir='ltr'>obscuras</span> <span class='ocrx_word' id='word_1_50' title='bbox 632 742 778 779; x_wconf 91' lang='lat' dir='ltr'>humili</span> <span class='ocrx_word' id='word_1_51' title='bbox 798 754 979 779; x_wconf 83' lang='lat' dir='ltr'>sermone</span> <span class='ocrx_word' id='word_1_52' title='bbox 998 740 1187 777; x_wconf 85' lang='lat' dir='ltr'>tabernas</span> 
     </span>
    </p>

    <p class='ocr_par' dir='ltr' id='par_1_10' title="bbox 188 800 1262 856">
     <span class='ocr_line' id='line_1_10' title="bbox 188 800 1262 856; baseline -0.01 -6"><span class='ocrx_word' id='word_1_53' title='bbox 188 813 287 856; x_wconf 91' lang='lat' dir='ltr'>Aut,</span> <span class='ocrx_word' id='word_1_54' title='bbox 309 812 406 848; x_wconf 88' lang='lat' dir='ltr'>dum</span> <span class='ocrx_word' id='word_1_55' title='bbox 426 810 531 847; x_wconf 88' lang='lat' dir='ltr'>vitat</span> <span class='ocrx_word' id='word_1_56' title='bbox 549 800 731 851; x_wconf 87' lang='lat' dir='ltr'>humum,</span> <span class='ocrx_word' id='word_1_57' title='bbox 752 806 881 843; x_wconf 90' lang='lat' dir='ltr'>nubes</span> <span class='ocrx_word' id='word_1_58' title='bbox 900 808 941 843; x_wconf 90' lang='lat' dir='ltr'>et</span> <span class='ocrx_word' id='word_1_59' title='bbox 960 804 1097 841; x_wconf 87' lang='lat' dir='ltr'>inania</span> <span class='ocrx_word' id='word_1_60' title='bbox 1117 805 1262 853; x_wconf 90' lang='lat' dir='ltr'>captet.</span> 
     </span>
    </p>

    <p class='ocr_par' dir='ltr' id='par_1_11' title="bbox 189 869 1073 922">
     <span class='ocr_line' id='line_1_11' title="bbox 189 869 1073 922; baseline -0.01 -8"><span class='ocrx_word' id='word_1_61' title='bbox 189 876 366 914; x_wconf 82' lang='lat' dir='ltr'>Effutire</span> <span class='ocrx_word' id='word_1_62' title='bbox 386 874 489 912; x_wconf 89' lang='lat' dir='ltr'>leves</span> <span class='ocrx_word' id='word_1_63' title='bbox 510 872 677 922; x_wconf 81' lang='lat' dir='ltr'>indigna</span> <span class='ocrx_word' id='word_1_64' title='bbox 695 869 904 920; x_wconf 71' lang='lat' dir='ltr'>tragoedia</span> <span class='ocrx_word' id='word_1_65' title='bbox 922 881 1073 912; x_wconf 86' lang='lat' dir='ltr'>versus,</span> 
     </span>
    </p>

    <p class='ocr_par' dir='ltr' id='par_1_12' title="bbox 191 932 1065 979">
     <span class='ocr_line' id='line_1_12' title="bbox 191 932 1065 979; baseline -0.01 -1"><span class='ocrx_word' id='word_1_66' title='bbox 191 942 251 979; x_wconf 91' lang='lat' dir='ltr'>Ut</span> <span class='ocrx_word' id='word_1_67' title='bbox 269 939 386 978; x_wconf 80' lang='lat' dir='ltr'>festis</span> <span class='ocrx_word' id='word_1_68' title='bbox 407 940 592 975; x_wconf 88' lang='lat' dir='ltr'>matrona</span> <span class='ocrx_word' id='word_1_69' title='bbox 610 934 761 973; x_wconf 83' lang='lat' dir='ltr'>moveri</span> <span class='ocrx_word' id='word_1_70' title='bbox 780 934 890 971; x_wconf 82' lang='lat' dir='ltr'>iussa</span> <span class='ocrx_word' id='word_1_71' title='bbox 910 932 1065 976; x_wconf 80' lang='lat' dir='ltr'>diebus,</span> 
     </span>
    </p>

    <p class='ocr_par' dir='ltr' id='par_1_13' title="bbox 191 995 1233 1052">
     <span class='ocr_line' id='line_1_13' title="bbox 191 995 1233 1052; baseline -0.012 -9"><span class='ocrx_word' id='word_1_72' title='bbox 191 1004 384 1043; x_wconf 88' lang='lat' dir='ltr'>Intererit</span> <span class='ocrx_word' id='word_1_73' title='bbox 405 1001 559 1052; x_wconf 76' lang='lat' dir='ltr'>Satyris</span> <span class='ocrx_word' id='word_1_74' title='bbox 580 1000 747 1050; x_wconf 89' lang='lat' dir='ltr'>paulum</span> <span class='ocrx_word' id='word_1_75' title='bbox 767 997 1006 1049; x_wconf 87' lang='lat' dir='ltr'>pudibunda</span> <span class='ocrx_word' id='word_1_76' title='bbox 1025 995 1233 1046; x_wconf 88' lang='lat' dir='ltr'>protervis.</span> 
     </span>
    </p>

    <p class='ocr_par' dir='ltr' id='par_1_14' title="bbox 191 1056 1249 1115">
     <span class='ocr_line' id='line_1_14' title="bbox 191 1056 1249 1115; baseline -0.011 -10"><span class='ocrx_word' id='word_1_77' title='bbox 191 1068 285 1105; x_wconf 88' lang='lat' dir='ltr'>Non</span> <span class='ocrx_word' id='word_1_78' title='bbox 304 1078 377 1115; x_wconf 81' lang='lat' dir='ltr'>ego</span> <span class='ocrx_word' id='word_1_79' title='bbox 397 1065 584 1102; x_wconf 82' lang='lat' dir='ltr'>inornata</span> <span class='ocrx_word' id='word_1_80' title='bbox 603 1065 643 1100; x_wconf 91' lang='lat' dir='ltr'>et</span> <span class='ocrx_word' id='word_1_81' title='bbox 663 1059 915 1098; x_wconf 79' lang='lat' dir='ltr'>dominantia</span> <span class='ocrx_word' id='word_1_82' title='bbox 934 1058 1098 1096; x_wconf 87' lang='lat' dir='ltr'>nomina</span> <span class='ocrx_word' id='word_1_83' title='bbox 1119 1056 1249 1094; x_wconf 88' lang='lat' dir='ltr'>solum</span> 
     </span>
    </p>

    <p class='ocr_par' dir='ltr' id='par_1_15' title="bbox 191 1121 1248 1179">
     <span class='ocr_line' id='line_1_15' title="bbox 191 1121 1248 1179; baseline -0.01 -11"><span class='ocrx_word' id='word_1_84' title='bbox 191 1131 416 1179; x_wconf 86' lang='lat' dir='ltr'>Verbaque,</span> <span class='ocrx_word' id='word_1_85' title='bbox 437 1128 618 1171; x_wconf 79' lang='lat' dir='ltr'>PisoneS,</span> <span class='ocrx_word' id='word_1_86' title='bbox 643 1125 882 1175; x_wconf 80' lang='lat' dir='ltr'>Satyrorum</span> <span class='ocrx_word' id='word_1_87' title='bbox 903 1123 1074 1173; x_wconf 85' lang='lat' dir='ltr'>scriptor</span> <span class='ocrx_word' id='word_1_88' title='bbox 1092 1121 1248 1165; x_wconf 88' lang='lat' dir='ltr'>amabo,</span> 
     </span>
    </p>

    <p class='ocr_par' dir='ltr' id='par_1_16' title="bbox 193 1180 1008 1240">
     <span class='ocr_line' id='line_1_16' title="bbox 193 1180 1008 1240; baseline -0.012 -7"><span class='ocrx_word' id='word_1_89' title='bbox 193 1196 277 1233; x_wconf 86' lang='lat' dir='ltr'>Nec</span> <span class='ocrx_word' id='word_1_90' title='bbox 299 1194 354 1232; x_wconf 90' lang='lat' dir='ltr'>sic</span> <span class='ocrx_word' id='word_1_91' title='bbox 372 1192 504 1231; x_wconf 89' lang='lat' dir='ltr'>enitar</span> <span class='ocrx_word' id='word_1_92' title='bbox 522 1190 674 1240; x_wconf 80' lang='lat' dir='ltr'>tragico</span> <span class='ocrx_word' id='word_1_93' title='bbox 695 1180 856 1226; x_wconf 80' lang='lat' dir='ltr'>differre</span> <span class='ocrx_word' id='word_1_94' title='bbox 876 1186 1008 1230; x_wconf 86' lang='lat' dir='ltr'>colori,</span> 
     </span>
    </p>

    <p class='ocr_par' dir='ltr' id='par_1_17' title="bbox 193 1249 1198 1301">
     <span class='ocr_line' id='line_1_17' title="bbox 193 1249 1198 1301; baseline -0.012 -4"><span class='ocrx_word' id='word_1_95' title='bbox 193 1260 252 1297; x_wconf 90' lang='lat' dir='ltr'>Ut</span> <span class='ocrx_word' id='word_1_96' title='bbox 270 1258 374 1296; x_wconf 85' lang='lat' dir='ltr'>nihil</span> <span class='ocrx_word' id='word_1_97' title='bbox 393 1255 565 1300; x_wconf 85' lang='lat' dir='ltr'>intersit,</span> <span class='ocrx_word' id='word_1_98' title='bbox 585 1255 778 1292; x_wconf 81' lang='lat' dir='ltr'>Davusne</span> <span class='ocrx_word' id='word_1_99' title='bbox 797 1252 989 1301; x_wconf 88' lang='lat' dir='ltr'>loquatur</span> <span class='ocrx_word' id='word_1_100' title='bbox 1007 1252 1048 1288; x_wconf 90' lang='lat' dir='ltr'>et</span> <span class='ocrx_word' id='word_1_101' title='bbox 1067 1249 1198 1286; x_wconf 80' lang='lat' dir='ltr'>audax</span> 
     </span>
    </p>

    <p class='ocr_par' dir='ltr' id='par_1_18' title="bbox 194 1314 1176 1374">
     <span class='ocr_line' id='line_1_18' title="bbox 194 1314 1176 1374; baseline -0.012 -13"><span class='ocrx_word' id='word_1_102' title='bbox 194 1322 378 1374; x_wconf 86' lang='lat' dir='ltr'>Pythias,</span> <span class='ocrx_word' id='word_1_103' title='bbox 399 1322 586 1359; x_wconf 89' lang='lat' dir='ltr'>emuncto</span> <span class='ocrx_word' id='word_1_104' title='bbox 606 1318 763 1355; x_wconf 87' lang='lat' dir='ltr'>lucrata</span> <span class='ocrx_word' id='word_1_105' title='bbox 785 1316 946 1353; x_wconf 90' lang='lat' dir='ltr'>Simone</span> <span class='ocrx_word' id='word_1_106' title='bbox 965 1314 1176 1357; x_wconf 86' lang='lat' dir='ltr'>talentum,</span> 
     </span>
    </p>

    <p class='ocr_par' dir='ltr' id='par_1_19' title="bbox 193 1377 1150 1431">
     <span class='ocr_line' id='line_1_19' title="bbox 193 1377 1150 1431; baseline -0.011 -6"><span class='ocrx_word' id='word_1_107' title='bbox 193 1388 260 1425; x_wconf 89' lang='lat' dir='ltr'>An</span> <span class='ocrx_word' id='word_1_108' title='bbox 280 1389 416 1424; x_wconf 84' lang='lat' dir='ltr'>custos</span> <span class='ocrx_word' id='word_1_109' title='bbox 435 1382 696 1431; x_wconf 78' lang='lat' dir='ltr'>famulusque</span> <span class='ocrx_word' id='word_1_110' title='bbox 716 1380 780 1418; x_wconf 87' lang='lat' dir='ltr'>dei</span> <span class='ocrx_word' id='word_1_111' title='bbox 801 1380 960 1418; x_wconf 87' lang='lat' dir='ltr'>Silenus</span> <span class='ocrx_word' id='word_1_112' title='bbox 981 1377 1150 1415; x_wconf 86' lang='lat' dir='ltr'>alumni.</span> 
     </span>
    </p>

    <p class='ocr_par' dir='ltr' id='par_1_20' title="bbox 198 1441 1212 1494">
     <span class='ocr_line' id='line_1_20' title="bbox 198 1441 1212 1494; baseline -0.013 -4"><span class='ocrx_word' id='word_1_113' title='bbox 198 1453 258 1489; x_wconf 83' lang='lat' dir='ltr'>Ex</span> <span class='ocrx_word' id='word_1_114' title='bbox 278 1454 374 1488; x_wconf 89' lang='lat' dir='ltr'>noto</span> <span class='ocrx_word' id='word_1_115' title='bbox 394 1450 536 1486; x_wconf 88' lang='lat' dir='ltr'>fictum</span> <span class='ocrx_word' id='word_1_116' title='bbox 555 1458 715 1484; x_wconf 88' lang='lat' dir='ltr'>carmen</span> <span class='ocrx_word' id='word_1_117' title='bbox 736 1457 892 1494; x_wconf 88' lang='lat' dir='ltr'>sequar,</span> <span class='ocrx_word' id='word_1_118' title='bbox 914 1446 961 1480; x_wconf 91' lang='lat' dir='ltr'>ut</span> <span class='ocrx_word' id='word_1_119' title='bbox 981 1442 1058 1479; x_wconf 87' lang='lat' dir='ltr'>sibi</span> <span class='ocrx_word' id='word_1_120' title='bbox 1079 1441 1212 1492; x_wconf 85' lang='lat' dir='ltr'>quivis</span> 
     </span>
    </p>

    <p class='ocr_par' dir='ltr' id='par_1_21' title="bbox 198 1505 1240 1566">
     <span class='ocr_line' id='line_1_21' title="bbox 198 1505 1240 1566; baseline -0.012 -13"><span class='ocrx_word' id='word_1_121' title='bbox 198 1516 338 1566; x_wconf 88' lang='lat' dir='ltr'>Speret</span> <span class='ocrx_word' id='word_1_122' title='bbox 358 1514 476 1555; x_wconf 89' lang='lat' dir='ltr'>idem,</span> <span class='ocrx_word' id='word_1_123' title='bbox 498 1511 616 1549; x_wconf 86' lang='lat' dir='ltr'>sudet</span> <span class='ocrx_word' id='word_1_124' title='bbox 634 1509 811 1546; x_wconf 89' lang='lat' dir='ltr'>multum</span> <span class='ocrx_word' id='word_1_125' title='bbox 830 1508 1066 1556; x_wconf 77' lang='lat' dir='ltr'>frustraque</span> <span class='ocrx_word' id='word_1_126' title='bbox 1085 1505 1240 1542; x_wconf 85' lang='lat' dir='ltr'>laboret</span> 
     </span>
    </p>

    <p class='ocr_par' dir='ltr' id='par_1_22' title="bbox 197 1568 1258 1619">
     <span class='ocr_line' id='line_1_22' title="bbox 197 1568 1258 1619; baseline -0.012 -2"><span class='ocrx_word' id='word_1_127' title='bbox 197 1580 334 1617; x_wconf 87' lang='lat' dir='ltr'>Ausus</span> <span class='ocrx_word' id='word_1_128' title='bbox 355 1577 482 1614; x_wconf 86' lang='lat' dir='ltr'>idem:</span> <span class='ocrx_word' id='word_1_129' title='bbox 513 1578 676 1612; x_wconf 87' lang='lat' dir='ltr'>tantum</span> <span class='ocrx_word' id='word_1_130' title='bbox 697 1572 816 1610; x_wconf 89' lang='lat' dir='ltr'>series</span> <span class='ocrx_word' id='word_1_131' title='bbox 836 1571 1103 1619; x_wconf 86' lang='lat' dir='ltr'>iuncturaque</span> <span class='ocrx_word' id='word_1_132' title='bbox 1123 1568 1258 1619; x_wconf 88' lang='lat' dir='ltr'>pollet,</span> 
     </span>
    </p>

    <p class='ocr_par' dir='ltr' id='par_1_23' title="bbox 197 1633 1156 1687">
     <span class='ocr_line' id='line_1_23' title="bbox 197 1633 1156 1687; baseline -0.011 -7"><span class='ocrx_word' id='word_1_133' title='bbox 197 1644 374 1681; x_wconf 83' lang='lat' dir='ltr'>Tantum</span> <span class='ocrx_word' id='word_1_134' title='bbox 395 1641 443 1678; x_wconf 90' lang='lat' dir='ltr'>de</span> <span class='ocrx_word' id='word_1_135' title='bbox 462 1639 593 1676; x_wconf 89' lang='lat' dir='ltr'>medio</span> <span class='ocrx_word' id='word_1_136' title='bbox 615 1636 788 1687; x_wconf 87' lang='lat' dir='ltr'>sumptis</span> <span class='ocrx_word' id='word_1_137' title='bbox 810 1635 962 1673; x_wconf 88' lang='lat' dir='ltr'>accedit</span> <span class='ocrx_word' id='word_1_138' title='bbox 981 1633 1156 1671; x_wconf 87' lang='lat' dir='ltr'>honoris.</span> 
     </span>
    </p>

    <p class='ocr_par' dir='ltr' id='par_1_24' title="bbox 204 1697 1090 1745">
     <span class='ocr_line' id='line_1_24' title="bbox 204 1697 1090 1745; baseline -0.012 -1"><span class='ocrx_word' id='word_1_139' title='bbox 204 1706 323 1745; x_wconf 87' lang='lat' dir='ltr'>Silvis</span> <span class='ocrx_word' id='word_1_140' title='bbox 344 1703 506 1742; x_wconf 87' lang='lat' dir='ltr'>deducti</span> <span class='ocrx_word' id='word_1_141' title='bbox 526 1704 692 1740; x_wconf 84' lang='lat' dir='ltr'>caveant</span> <span class='ocrx_word' id='word_1_142' title='bbox 711 1713 775 1737; x_wconf 89' lang='lat' dir='ltr'>me</span> <span class='ocrx_word' id='word_1_143' title='bbox 795 1699 925 1736; x_wconf 89' lang='lat' dir='ltr'>iudice</span> <span class='ocrx_word' id='word_1_144' title='bbox 945 1697 1090 1740; x_wconf 84' lang='lat' dir='ltr'>Fauni,</span> 
     </span>
    </p>

    <p class='ocr_par' dir='ltr' id='par_1_25' title="bbox 199 1762 1101 1813">
     <span class='ocr_line' id='line_1_25' title="bbox 199 1762 1101 1813; baseline -0.012 -5"><span class='ocrx_word' id='word_1_145' title='bbox 199 1771 261 1808; x_wconf 86' lang='lat' dir='ltr'>Ne</span> <span class='ocrx_word' id='word_1_146' title='bbox 282 1769 391 1807; x_wconf 87' lang='lat' dir='ltr'>velut</span> <span class='ocrx_word' id='word_1_147' title='bbox 411 1767 541 1804; x_wconf 86' lang='lat' dir='ltr'>innati</span> <span class='ocrx_word' id='word_1_148' title='bbox 560 1765 692 1802; x_wconf 85' lang='lat' dir='ltr'>triviis</span> <span class='ocrx_word' id='word_1_149' title='bbox 713 1777 757 1801; x_wconf 91' lang='lat' dir='ltr'>ac</span> <span class='ocrx_word' id='word_1_150' title='bbox 776 1776 901 1813; x_wconf 89' lang='lat' dir='ltr'>paene</span> <span class='ocrx_word' id='word_1_151' title='bbox 921 1762 1101 1798; x_wconf 76' lang='lat' dir='ltr'>forenses</span> 
     </span>
    </p>

    <p class='ocr_par' dir='ltr' id='par_1_26' title="bbox 201 1825 1325 1873">
     <span class='ocr_line' id='line_1_26' title="bbox 201 1825 1325 1873; baseline -0.011 -2"><span class='ocrx_word' id='word_1_152' title='bbox 201 1834 287 1871; x_wconf 86' lang='lat' dir='ltr'>Aut</span> <span class='ocrx_word' id='word_1_153' title='bbox 306 1832 477 1870; x_wconf 87' lang='lat' dir='ltr'>nimium</span> <span class='ocrx_word' id='word_1_154' title='bbox 496 1829 644 1868; x_wconf 87' lang='lat' dir='ltr'>teneris</span> <span class='ocrx_word' id='word_1_155' title='bbox 665 1829 907 1865; x_wconf 84' lang='lat' dir='ltr'>iuvenentur</span> <span class='ocrx_word' id='word_1_156' title='bbox 926 1825 1109 1863; x_wconf 84' lang='lat' dir='ltr'>versibus</span> <span class='ocrx_word' id='word_1_157' title='bbox 1130 1835 1325 1873; x_wconf 88' lang='lat' dir='ltr'>umquam</span> 
     </span>
    </p>

    <p class='ocr_par' dir='ltr' id='par_1_27' title="bbox 202 1888 1217 1943">
     <span class='ocr_line' id='line_1_27' title="bbox 202 1888 1217 1943; baseline -0.011 -8"><span class='ocrx_word' id='word_1_158' title='bbox 202 1898 288 1935; x_wconf 84' lang='lat' dir='ltr'>Aut</span> <span class='ocrx_word' id='word_1_159' title='bbox 308 1895 518 1933; x_wconf 88' lang='lat' dir='ltr'>immunda</span> <span class='ocrx_word' id='word_1_160' title='bbox 537 1896 700 1943; x_wconf 82' lang='lat' dir='ltr'>crepent</span> <span class='ocrx_word' id='word_1_161' title='bbox 719 1889 1067 1940; x_wconf 76' lang='lat' dir='ltr'>ignominiosaque</span> <span class='ocrx_word' id='word_1_162' title='bbox 1087 1888 1217 1930; x_wconf 86' lang='lat' dir='ltr'>dicta;</span> 
     </span>
    </p>

    <p class='ocr_par' dir='ltr' id='par_1_28' title="bbox 205 1954 1368 2006">
     <span class='ocr_line' id='line_1_28' title="bbox 205 1954 1368 2006; baseline -0.011 -7"><span class='ocrx_word' id='word_1_163' title='bbox 205 1961 480 2000; x_wconf 79' lang='lat' dir='ltr'>Offenduntur</span> <span class='ocrx_word' id='word_1_164' title='bbox 499 1958 618 2001; x_wconf 89' lang='lat' dir='ltr'>enim,</span> <span class='ocrx_word' id='word_1_165' title='bbox 640 1956 789 2006; x_wconf 86' lang='lat' dir='ltr'>quibus</span> <span class='ocrx_word' id='word_1_166' title='bbox 809 1957 872 1992; x_wconf 88' lang='lat' dir='ltr'>est</span> <span class='ocrx_word' id='word_1_167' title='bbox 890 1966 1019 2003; x_wconf 88' lang='lat' dir='ltr'>equus</span> <span class='ocrx_word' id='word_1_168' title='bbox 1040 1955 1080 1989; x_wconf 91' lang='lat' dir='ltr'>et</span> <span class='ocrx_word' id='word_1_169' title='bbox 1100 1955 1215 2001; x_wconf 86' lang='lat' dir='ltr'>pater</span> <span class='ocrx_word' id='word_1_170' title='bbox 1234 1954 1275 1987; x_wconf 88' lang='lat' dir='ltr'>et</span> <span class='ocrx_word' id='word_1_171' title='bbox 1294 1963 1368 1994; x_wconf 86' lang='lat' dir='ltr'>res,</span> 
     </span>
    </p>

    <p class='ocr_par' dir='ltr' id='par_1_29' title="bbox 204 2015 1316 2073">
     <span class='ocr_line' id='line_1_29' title="bbox 204 2015 1316 2073; baseline -0.012 -10"><span class='ocrx_word' id='word_1_172' title='bbox 204 2026 299 2069; x_wconf 86' lang='lat' dir='ltr'>Nec,</span> <span class='ocrx_word' id='word_1_173' title='bbox 322 2024 353 2061; x_wconf 85' lang='lat' dir='ltr'>si</span> <span class='ocrx_word' id='word_1_174' title='bbox 374 2023 473 2073; x_wconf 89' lang='lat' dir='ltr'>quid</span> <span class='ocrx_word' id='word_1_175' title='bbox 492 2021 603 2059; x_wconf 78' lang='lat' dir='ltr'>fricti</span> <span class='ocrx_word' id='word_1_176' title='bbox 623 2019 759 2057; x_wconf 81' lang='lat' dir='ltr'>ciceris</span> <span class='ocrx_word' id='word_1_177' title='bbox 780 2019 881 2069; x_wconf 87' lang='lat' dir='ltr'>prob</span> <span class='ocrx_word' id='word_1_178' title='bbox 890 2021 932 2054; x_wconf 89' lang='lat' dir='ltr'>at</span> <span class='ocrx_word' id='word_1_179' title='bbox 952 2020 993 2054; x_wconf 90' lang='lat' dir='ltr'>et</span> <span class='ocrx_word' id='word_1_180' title='bbox 1012 2015 1125 2053; x_wconf 86' lang='lat' dir='ltr'>nucis</span> <span class='ocrx_word' id='word_1_181' title='bbox 1146 2018 1316 2065; x_wconf 85' lang='lat' dir='ltr'>emptor,</span> 
     </span>
    </p>

    <p class='ocr_par' dir='ltr' id='par_1_30' title="bbox 205 2083 1267 2202">
     <span class='ocr_line' id='line_1_30' title="bbox 205 2083 1147 2138; baseline -0.012 -12"><span class='ocrx_word' id='word_1_182' title='bbox 205 2088 359 2138; x_wconf 83' lang='lat' dir='ltr'>Aequis</span> <span class='ocrx_word' id='word_1_183' title='bbox 380 2087 583 2136; x_wconf 88' lang='lat' dir='ltr'>accipiunt</span> <span class='ocrx_word' id='word_1_184' title='bbox 602 2083 747 2121; x_wconf 90' lang='lat' dir='ltr'>animis</span> <span class='ocrx_word' id='word_1_185' title='bbox 768 2083 971 2119; x_wconf 82' lang='lat' dir='ltr'>donantve</span> <span class='ocrx_word' id='word_1_186' title='bbox 991 2092 1147 2117; x_wconf 90' lang='lat' dir='ltr'>corona.</span> 
     </span>
     <span class='ocr_line' id='line_1_31' title="bbox 261 2142 1267 2202; baseline -0.012 -12"><span class='ocrx_word' id='word_1_187' title='bbox 261 2152 424 2202; x_wconf 86' lang='lat' dir='ltr'>Syllaba</span> <span class='ocrx_word' id='word_1_188' title='bbox 443 2150 564 2198; x_wconf 78' lang='lat' dir='ltr'>longa</span> <span class='ocrx_word' id='word_1_189' title='bbox 583 2147 693 2185; x_wconf 88' lang='lat' dir='ltr'>brevi</span> <span class='ocrx_word' id='word_1_190' title='bbox 714 2146 893 2184; x_wconf 88' lang='lat' dir='ltr'>subiecta</span> <span class='ocrx_word' id='word_1_191' title='bbox 913 2146 1077 2181; x_wconf 85' lang='lat' dir='ltr'>vocatur</span> <span class='ocrx_word' id='word_1_192' title='bbox 1097 2142 1267 2185; x_wconf 88' lang='lat' dir='ltr'>iambus,</span> 
     </span>
    </p>

    <p class='ocr_par' dir='ltr' id='par_1_31' title="bbox 209 2205 1303 2254">
     <span class='ocr_line' id='line_1_32' title="bbox 209 2205 1303 2254; baseline -0.012 0"><span class='ocrx_word' id='word_1_193' title='bbox 209 2218 285 2254; x_wconf 87' lang='lat' dir='ltr'>Pes</span> <span class='ocrx_word' id='word_1_194' title='bbox 305 2215 430 2252; x_wconf 87' lang='lat' dir='ltr'>citus:</span> <span class='ocrx_word' id='word_1_195' title='bbox 461 2213 568 2250; x_wconf 88' lang='lat' dir='ltr'>unde</span> <span class='ocrx_word' id='word_1_196' title='bbox 587 2211 710 2249; x_wconf 88' lang='lat' dir='ltr'>etiam</span> <span class='ocrx_word' id='word_1_197' title='bbox 729 2209 923 2247; x_wconf 88' lang='lat' dir='ltr'>trimetris</span> <span class='ocrx_word' id='word_1_198' title='bbox 944 2219 1162 2245; x_wconf 83' lang='lat' dir='ltr'>accrescere</span> <span class='ocrx_word' id='word_1_199' title='bbox 1183 2205 1303 2243; x_wconf 89' lang='lat' dir='ltr'>iussit</span> 
     </span>
    </p>

    <p class='ocr_par' dir='ltr' id='par_1_32' title="bbox 209 2270 1146 2320">
     <span class='ocr_line' id='line_1_33' title="bbox 209 2270 1146 2320; baseline -0.011 -4"><span class='ocrx_word' id='word_1_200' title='bbox 209 2280 367 2317; x_wconf 88' lang='lat' dir='ltr'>Nomen</span> <span class='ocrx_word' id='word_1_201' title='bbox 388 2277 565 2320; x_wconf 86' lang='lat' dir='ltr'>iambeis,</span> <span class='ocrx_word' id='word_1_202' title='bbox 587 2288 678 2312; x_wconf 89' lang='lat' dir='ltr'>cum</span> <span class='ocrx_word' id='word_1_203' title='bbox 699 2287 815 2311; x_wconf 84' lang='lat' dir='ltr'>senos</span> <span class='ocrx_word' id='word_1_204' title='bbox 835 2272 1023 2310; x_wconf 86' lang='lat' dir='ltr'>redderet</span> <span class='ocrx_word' id='word_1_205' title='bbox 1043 2270 1146 2307; x_wconf 84' lang='lat' dir='ltr'>ictus</span> 
     </span>
    </p>

    <p class='ocr_par' dir='ltr' id='par_1_33' title="bbox 210 2333 1348 2384">
     <span class='ocr_line' id='line_1_34' title="bbox 210 2333 1348 2384; baseline -0.011 -3"><span class='ocrx_word' id='word_1_206' title='bbox 210 2342 373 2381; x_wconf 89' lang='lat' dir='ltr'>Primus</span> <span class='ocrx_word' id='word_1_207' title='bbox 393 2341 444 2378; x_wconf 88' lang='lat' dir='ltr'>ad</span> <span class='ocrx_word' id='word_1_208' title='bbox 463 2343 688 2379; x_wconf 83' lang='lat' dir='ltr'>extremum</span> <span class='ocrx_word' id='word_1_209' title='bbox 710 2337 853 2376; x_wconf 88' lang='lat' dir='ltr'>similis</span> <span class='ocrx_word' id='word_1_210' title='bbox 874 2335 971 2373; x_wconf 89' lang='lat' dir='ltr'>sibi:</span> <span class='ocrx_word' id='word_1_211' title='bbox 1003 2347 1084 2372; x_wconf 89' lang='lat' dir='ltr'>non</span> <span class='ocrx_word' id='word_1_212' title='bbox 1104 2334 1162 2370; x_wconf 90' lang='lat' dir='ltr'>ita</span> <span class='ocrx_word' id='word_1_213' title='bbox 1181 2333 1348 2384; x_wconf 88' lang='lat' dir='ltr'>pridem,</span> 
     </span>
    </p>
   </div>
   <div class='ocr_carea' id='block_1_3' title="bbox 1436 491 1504 525">
    <p class='ocr_par' dir='ltr' id='par_1_34' title="bbox 1436 491 1504 525">
     <span class='ocr_line' id='line_1_35' title="bbox 1436 491 1504 525; baseline 0.015 -11"><span class='ocrx_word' id='word_1_214' title='bbox 1436 491 1504 525; x_wconf 81' lang='lat'>225</span> 
     </span>
    </p>
   </div>
   <div class='ocr_carea' id='block_1_4' title="bbox 1440 813 1514 847">
    <p class='ocr_par' dir='ltr' id='par_1_35' title="bbox 1440 813 1514 847">
     <span class='ocr_line' id='line_1_36' title="bbox 1440 813 1514 847; baseline -0.014 -12"><span class='ocrx_word' id='word_1_215' title='bbox 1440 813 1514 847; x_wconf 79' lang='lat'>230</span> 
     </span>
    </p>
   </div>
   <div class='ocr_carea' id='block_1_5' title="bbox 1445 1130 1514 1167">
    <p class='ocr_par' dir='ltr' id='par_1_36' title="bbox 1445 1130 1514 1167">
     <span class='ocr_line' id='line_1_37' title="bbox 1445 1130 1514 1167; baseline -0.029 0"><span class='ocrx_word' id='word_1_216' title='bbox 1445 1130 1514 1167; x_wconf 86' lang='lat'>235</span> 
     </span>
    </p>
   </div>
   <div class='ocr_carea' id='block_1_6' title="bbox 1446 1451 1520 1486">
    <p class='ocr_par' dir='ltr' id='par_1_37' title="bbox 1446 1451 1520 1486">
     <span class='ocr_line' id='line_1_38' title="bbox 1446 1451 1520 1486; baseline -0.014 -11"><span class='ocrx_word' id='word_1_217' title='bbox 1446 1451 1520 1486; x_wconf 83' lang='lat'>240</span> 
     </span>
    </p>
   </div>
   <div class='ocr_carea' id='block_1_7' title="bbox 1450 1769 1519 1806">
    <p class='ocr_par' dir='ltr' id='par_1_38' title="bbox 1450 1769 1519 1806">
     <span class='ocr_line' id='line_1_39' title="bbox 1450 1769 1519 1806; baseline -0.014 0"><span class='ocrx_word' id='word_1_218' title='bbox 1450 1769 1519 1806; x_wconf 77' lang='lat'>245</span> 
     </span>
    </p>
   </div>
   <div class='ocr_carea' id='block_1_8' title="bbox 1455 2089 1529 2124">
    <p class='ocr_par' dir='ltr' id='par_1_39' title="bbox 1455 2089 1529 2124">
     <span class='ocr_line' id='line_1_40' title="bbox 1455 2089 1529 2124; baseline 0 -11"><span class='ocrx_word' id='word_1_219' title='bbox 1455 2089 1529 2124; x_wconf 84' lang='lat'>²50</span> 
     </span>
    </p>
   </div>
  </div>
 </body>
</html>
