1701 2605
241 192 290 231 36
817 202 983 230 HonAcE.

240 299 313 336 Oui
331 299 461 348 placet
478 298 652 344 alterius,
673 310 744 334 sua
762 296 988 334 nimirumst
1006 296 1092 334 odio
1110 306 1202 333 sors.

240 360 396 397 Stultus
415 363 581 409 uterque
599 359 726 396 locum
744 358 973 395 inmeritum
991 359 1177 394 causatur
1197 355 1352 405 inique:

239 423 291 459 In
309 422 462 471 culpast
481 422 645 467 animus,
668 420 736 470 qui
755 432 795 458 se
813 432 893 457 non
912 417 1050 468 effugit
1068 429 1268 468 umquam.

238 483 298 520 Tu
318 482 575 520 mediastinus
595 482 717 519 tacita
737 493 850 531 prece
867 493 964 517 rura
983 480 1154 530 petebas,

239 544 359 581 Nunc
379 544 516 580 urbem
535 546 576 580 et
595 542 706 580 ludos
725 548 764 580 et
784 542 926 579 balnea
946 541 1085 578 vilicus
1102 544 1217 590 optas
1232 553 1244 588 ;

240 605 309 642 Me
327 608 505 642 constare
525 604 621 640 mihi
643 604 716 641 seis
736 608 775 641 et
795 603 987 640 discedere
1007 602 1171 650 tristem,

239 666 571 715 Quandocumque
588 666 759 703 trahunt
777 664 904 702 invisa
923 664 1081 713 negotia
1100 664 1280 701 Romam.

240 729 332 766 Non
350 728 483 765 eadem
503 728 697 764 miramur
708 741 718 775 3
747 739 791 765 eo
811 726 1053 764 disconvenit
1071 725 1176 763 inter

241 790 384 839 Meque
402 792 443 826 et
461 793 502 826 te
519 803 525 826 :
556 802 650 826 nam
669 801 770 839 quae
790 788 945 826 deserta
964 791 1005 825 et
1023 786 1222 836 inhospita
1241 790 1378 834 tesqua

241 851 385 896 Credis,
405 863 570 888 amoena
590 854 703 887 vocat
723 863 873 887 mecum
894 849 962 898 qui
981 849 1115 895 sentit,
1136 852 1176 885 et
1191 848 1273 885 odit

240 914 350 957 Quae
369 916 414 949 tu
435 911 600 961 pulchra
618 915 746 961 putas.
804 911 837 948 F
837 911 949 948 ornix
969 910 1042 947 tibi
1061 914 1101 947 et
1119 912 1240 947 uncta
1259 908 1404 958 popina

241 973 451 1010 Incutiunt
471 972 578 1010 urbis
597 971 841 1018 desiderium,
862 971 983 1017 video,
1005 975 1043 1008 et
1063 970 1166 1020 quod

240 1033 424 1084 Angulus
442 1033 516 1071 iste
535 1033 638 1071 feret
656 1033 766 1084 piper
785 1037 825 1070 et
844 1036 910 1070 tus
928 1033 1032 1069 ocius
1051 1045 1141 1078 uva,

240 1096 325 1133 Nec
344 1095 473 1132 vicina
493 1095 626 1132 subest
645 1095 782 1132 vinum
802 1094 990 1144 praebere
1009 1093 1176 1130 taberna

241 1157 351 1201 Quae
369 1157 490 1206 possit
508 1156 594 1203 tibi,
614 1168 685 1193 nec
704 1155 892 1193 meretrix
911 1154 1084 1201 tibicina,
1104 1154 1214 1191 cuius

240 1217 306 1254 Ad
325 1217 534 1266 strepitum
554 1217 671 1254 salias
689 1220 820 1254 terrae
839 1216 993 1266 gravis:
1023 1219 1063 1252 et
1083 1219 1218 1253 tamen
1237 1226 1380 1265 urgues

241 1279 484 1328 Iampridem
503 1290 583 1315 non
601 1281 712 1315 tacta
733 1277 926 1327 ligonibus
945 1289 1053 1323 arva,
1075 1277 1289 1325 bovemque

245 1340 500 1380 Disiunctum
518 1352 633 1376 curas
652 1343 692 1376 et
710 1339 857 1377 strictis
876 1337 1082 1376 frondibus
1101 1337 1233 1387 exples
1243 1350 1255 1385 3

241 1400 368 1440 Addit
386 1413 481 1451 opus
501 1400 612 1450 pigro
631 1401 750 1448 rivus,
773 1401 805 1437 si
824 1399 967 1438 decidit
985 1399 1123 1446 imber,

243 1462 376 1499 Multa
394 1461 494 1499 mole
512 1461 704 1499 docendus
723 1462 854 1512 aprico
873 1473 1034 1511 parcere
1052 1464 1178 1510 prato.

242 1525 361 1562 Nunc
378 1536 461 1573 age,
476 1523 570 1573 quid
588 1527 766 1561 nostrum
784 1526 1016 1561 concentum
1034 1521 1194 1568 dividat,
1216 1521 1320 1560 audi.

243 1586 367 1630 Quem
386 1588 525 1621 tenues
543 1584 706 1621 decuere
725 1588 842 1634 togae
861 1583 1055 1633 nitidique
1074 1582 1216 1631 capilli,

243 1647 370 1691 Quem
387 1645 459 1682 scis
478 1645 682 1682 inmunem
704 1645 874 1682 Cinarae
892 1643 1083 1694 placuisse
1102 1644 1247 1692 rapaci,

243 1708 369 1751 Quem
387 1705 566 1743 bibulum
585 1705 724 1754 liquidi
743 1705 870 1742 media
889 1705 935 1741 de
953 1704 1040 1741 luce
1059 1703 1229 1748 Falerni,

245 1769 353 1805 Cena
370 1767 499 1804 brevis
516 1767 630 1803 iuvat
649 1770 689 1804 et
707 1779 827 1816 prope
845 1767 973 1803 rivum
991 1778 1150 1802 somnus
1168 1764 1210 1801 in
1230 1764 1362 1802 herba.

244 1830 330 1866 Nec
345 1829 481 1866 lusisse
499 1828 632 1877 pudet,
653 1828 718 1864 sed
736 1840 815 1864 non
832 1826 1003 1863 incidere
1020 1825 1167 1863 ludum.

246 1890 340 1927 Non
359 1889 446 1926 istic
464 1888 622 1937 obliquo
640 1888 750 1925 oculo
770 1900 856 1925 mea
876 1886 1076 1924 commoda
1096 1887 1305 1935 quisquam

247 1951 392 1996 Limat,
412 1962 492 1986 non
511 1949 596 1986 odio
614 1949 775 1986 obscuro
795 1960 1003 1998 morsuque
1021 1951 1192 1985 venenat
1207 1960 1218 1995 3

247 2011 395 2049 Rident
413 2010 530 2047 vicini
549 2009 709 2059 glaebas
726 2013 767 2047 et
785 2022 880 2046 saxa
900 2012 1121 2046 moventem

247 2074 348 2110 Cum
366 2072 496 2109 servis.
551 2071 721 2109 Urbana
740 2070 865 2107 diaria
884 2070 1019 2107 rodere
1036 2069 1172 2115 mavis,

249 2135 406 2172 Horum
425 2136 471 2169 tu
490 2132 531 2169 in
551 2145 761 2169 numerum
781 2136 871 2168 voto
890 2131 994 2178 ruis3
1022 2129 1172 2167 invidet
1191 2141 1306 2166 usum

248 2195 465 2244 Lignorum
486 2197 526 2231 et
545 2194 692 2243 pecoris
710 2193 785 2230 tibi
804 2192 888 2229 calo
906 2196 1073 2242 argutus
1091 2195 1132 2228 et
1151 2190 1266 2227 horti.

248 2256 375 2305 Optat
393 2254 577 2305 ephippia
596 2255 662 2292 bos
681 2254 804 2304 piger,
821 2257 931 2303 optat
951 2264 1066 2289 arare
1083 2251 1276 2298 caba11us3

249 2317 376 2363 Quam
396 2317 468 2354 scit
488 2320 664 2366 uterque,
685 2315 820 2363 libens,
842 2314 1014 2360 censebo,
1036 2315 1213 2350 exerceat
1232 2315 1370 2350 artem.

1456 186 1557 242 [xxv.

1515 549 1557 587 15

1514 859 1561 883 20

1515 1164 1559 1202 25

1515 1472 1564 1509 30

1516 1776 1537 1812 ω

1545 1776 1562 1812 υι

1516 2080 1567 2114 40
