1701 2605
177 200 224 257 1.]
637 215 829 250 EPISTLES,
859 216 962 242 BOOK
995 217 1036 244 11.

177 309 372 346 Pacuvius
391 309 493 346 docti
513 309 662 346 famam
683 310 795 356 senis,
817 312 960 348 Accius
978 312 1062 358 alti,

177 370 336 408 Dicitur
353 370 502 408 Afrani
521 375 613 421 toga
633 372 854 409 convenisse
875 372 1107 419 Menandro,

177 432 345 469 Plautus
364 433 414 470 ad
433 434 634 482 exemplar
654 433 772 470 Siculi
792 447 1000 483 properare
1020 435 1257 484 Epicharmi,

176 494 346 532 Vincere
365 494 556 532 Caecilius
573 495 772 543 gravitate
808 496 1010 533 Terentius
1029 501 1123 533 arte.

177 556 262 593 Hos
282 556 418 593 ediscit
436 560 477 593 et
496 556 566 593 hos
585 560 673 594 arto
692 557 842 606 stipata
861 558 1019 595 theatro

177 617 339 667 Spectat
357 617 486 654 Roma
506 622 654 667 potens,
676 618 794 655 habet
815 619 884 655 hos
904 624 1165 669 numeratque
1189 624 1320 670 poetas

173 678 239 716 Ad
259 683 438 716 nostrum
457 683 613 728 tempus
634 679 721 716 Livi
740 680 940 729 scriptoris
960 681 1011 717 ab
1032 694 1136 717 aevo

175 741 386 778 Interdum
406 741 542 791 volgus
562 745 714 778 rectum
734 742 840 779 videt
857 755 865 788 ;
894 747 954 780 est
974 743 1039 780 ubi
1059 748 1203 793 peccat.

175 802 217 840 Si
237 807 386 840 veteres
405 803 463 840 ita
483 803 654 840 miratur
672 803 888 853 laudatque
909 808 1054 853 poetas,

174 864 235 901 Ut
254 864 354 901 nihil
373 863 585 910 anteferat,
607 864 706 901 nihil
727 865 802 901 illis
822 870 1008 915 conparet
1025 879 1032 903 :
1063 870 1198 913 e1·1·at;

175 925 215 963 Si
235 926 427 975 quaedam
446 927 563 963 nimis
582 926 757 976 antique,
779 927 811 963 si
832 927 1017 977 pleraque
1038 928 1133 964 dure

175 988 314 1025 Dicere
331 988 455 1025 credit
474 1000 548 1034 eos,
569 989 712 1037 ignave
731 988 859 1025 multa
879 988 1042 1036 fatetur,

173 1050 228 1087 Et
246 1050 350 1099 sapit
369 1053 408 1086 et
428 1062 578 1087 mecum
598 1049 696 1087 facit
715 1054 756 1087 et
776 1050 869 1087 Iove
889 1051 1036 1088 iudicat
1057 1064 1191 1100 aequo.

171 1112 264 1149 Non
284 1111 463 1161 equidem
483 1112 651 1149 insector
668 1111 880 1149 delendave
895 1113 1070 1149 carmina
1092 1113 1178 1150 Livi

174 1173 267 1210 Esse
285 1186 383 1220 reor,
404 1173 564 1210 memini
584 1186 684 1222 quae
704 1174 906 1223 plagosum
928 1174 1022 1211 mihi
1043 1187 1166 1223 parvo

172 1234 366 1272 Orbilium
387 1235 557 1282 dictare,
586 1234 652 1271 sed
672 1235 882 1272 emendata
903 1236 1026 1272 videri

172 1296 420 1346 Pulchraque
438 1300 478 1334 et
498 1296 645 1334 exactis
664 1297 871 1333 minimum
891 1296 1081 1333 distantia
1103 1298 1232 1337 miror.

172 1359 287 1396 Inter
306 1370 407 1408 quae
428 1358 592 1395 verbum
612 1357 771 1395 emicuit
790 1358 821 1394 si
841 1357 943 1395 forte
963 1358 1155 1405 decorum,

172 1419 213 1457 Si
232 1432 365 1458 versus
384 1420 517 1470 paullo
535 1420 759 1457 concinnior
780 1433 881 1456 unus
901 1423 940 1457 et
960 1420 1061 1457 alter
1077 1433 1085 1458 ε

171 1482 326 1520 Iniuste
345 1485 474 1519 totum
495 1482 602 1520 ducit
623 1482 835 1532 venditque
855 1496 1004 1532 poema.

171 1544 363 1593 Irdignor
381 1545 591 1593 quicquam
612 1544 859 1594 reprehendi,
882 1558 959 1581 non
979 1545 1072 1594 quia
1090 1557 1217 1581 crasse

170 1606 424 1655 Conpositum
443 1606 660 1656 inlepideve
681 1610 855 1655 putetur,
877 1607 942 1644 sed
962 1608 1054 1657 quia
1075 1621 1211 1656 nuper,

169 1667 252 1704 Nec
271 1668 427 1704 veniam
447 1668 633 1718 antiquis,
655 1669 719 1705 sed
740 1669 925 1706 honorem
946 1673 984 1706 et
1006 1670 1178 1718 praemia
1198 1669 1312 1718 posci.

170 1728 292 1766 Recte
311 1742 433 1766 necne
450 1743 605 1767 crocum
626 1731 815 1780 floresque
835 1732 1081 1779 perambulet
1100 1731 1225 1767 Attae

170 1791 321 1828 Fabula
341 1791 373 1827 si
393 1791 579 1838 dubitem,
599 1792 771 1829 clament
792 1793 947 1842 periisse
968 1793 1152 1842 pudorem

169 1852 312 1889 Cuncti
332 1865 456 1902 paene
475 1857 618 1902 patreS,
640 1866 684 1890 ea
703 1867 791 1890 cum
812 1854 1092 1903 reprehendere
1112 1867 1236 1899 coner,

168 1913 278 1958 Quae
297 1915 427 1963 gravis
447 1915 636 1964 Aesopus,
655 1929 757 1965 quae
777 1915 912 1952 doctus
951 1917 1094 1953 {foscius
1113 1917 1193 1963 egit
1210 1931 1215 1952 :

172 1975 244 2012 Vel
265 1977 359 2025 quia
380 1976 435 2012 nil
456 1981 619 2023 rectum,
641 1977 715 2014 nisi
736 1978 836 2027 quod
857 1978 1006 2027 placuit
1026 1979 1110 2023 sibi,
1132 1978 1293 2023 ‹lm-nm,

169 2037 244 2075 Vel
265 2038 357 2087 quia
376 2042 492 2088 turpe
510 2043 658 2088 putant
678 2052 814 2088 parcre
835 2040 1060 2085 minoribus,
1081 2045 1121 2075 (ft
1140 2053 1241 2088 qua«¹

170 2100 332 2136 Inberbi
351 2100 529 2147 didicere,
551 2114 660 2137 senes
682 2101 877 2150 perdenda
898 2101 1025 2137 fateri.

170 2162 257 2198 Iam
279 2161 429 2199 Saliare
449 2162 605 2199 Numae
625 2176 780 2200 carmen
803 2163 869 2212 qui
889 2163 1022 2199 laudat.
1044 2168 1084 2200 et
1104 2163 1211 2208 illud,

167 2222 278 2268 Quod
299 2235 446 2259 mecum
470 2224 636 2271 ignorat,
657 2224 760 2260 solus
781 2224 860 2261 volt
880 2223 976 2260 sciro
993 2224 1125 2270 videri,

169 2283 345 2332 Ingeniis
365 2297 442 2320 non
462 2285 526 2321 ille
546 2284 654 2322 favet
675 2285 905 2335 plauditque
924 2285 1096 2334 sepultis,

166 2344 316 2381 Nostra
335 2345 400 2382 sed
419 2345 625 2395 inpugnat,
647 2359 716 2382 nos
736 2350 946 2394 nostraque
968 2345 1106 2381 liviam
1125 2345 1219 2382 odit.

169 2405 281 2451 Quod
301 2406 332 2442 si
353 2410 436 2443 tam
457 2407 586 2444 Graiis
606 2407 760 2444 novitas
779 2407 906 2443 invisa
928 2407 1065 2444 fuisset

1445 564 1493 599 60

1444 1187 1492 1225 70

1442 1495 1486 1534 75

1439 1796 1487 1829 80

1435 2418 1484 2454 90
