1701 2605
169 151 235 187 v1.‚
257 138 345 192 v11.]
615 150 806 185 EPlsTLEs,
840 150 940 176 BOOK
973 150 1000 176 1.
1437 137 1481 174 27

168 242 242 282 Oui
260 242 365 280 volet
383 243 623 293 inportunus
641 241 774 279 ebur.''
830 244 853 262 “
869 242 1011 279 Frater
1023 241 1041 257 ’'
1061 241 1220 278 “Pater
1234 239 1254 257 ’'
1272 241 1369 278 adde
1384 253 1394 286 ;

168 304 230 343 Ut
249 304 426 354 cuiquest
444 309 566 351 aetas,
585 303 645 341 ita
663 315 858 353 quemque
876 302 1029 340 facetus
1048 302 1203 352 adopta.
1436 313 1456 351 5
1463 315 1481 350 5

168 365 210 403 Si
228 365 326 402 bene
344 365 414 415 qui
431 369 548 403 cenat
566 365 663 402 bene
681 364 792 411 vivit,
812 364 928 411 lucet,
948 376 1084 401 eamus

167 426 252 472 Quo
270 426 378 464 ducit
396 426 489 476 gula
504 440 514 473 ;
543 426 746 476 piscemur,
767 437 968 471 venemur,
989 429 1036 462 ut
1054 425 1146 462 olim

165 488 378 538 Gargilius,
397 489 467 539 qui
485 500 600 526 mane
617 488 766 538 plagas,
787 487 994 533 venabula,
1013 500 1154 534 servos,

166 549 381 587 Differtum
399 549 570 587 transire
587 548 719 586 forum
737 548 1002 598 populumque
1020 549 1194 594 iubebat,

165 610 284 649 Unus
302 614 350 648 ut
368 623 389 648 e
408 611 544 648 multis
562 610 703 660 populo
723 613 925 659 spectante
943 610 1111 647 referret
1436 614 1486 651 60

165 673 356 722 Emptum
375 672 507 709 mulus
527 685 681 722 aprum.
739 671 861 709 Orudi
880 670 1100 720 tumidique
1118 670 1310 716 lavemur,

165 735 267 780 Quid
287 735 434 780 deceat,
456 734 551 783 quid
570 746 650 770 non
670 733 794 778 obliti,
817 733 975 770 Caerite
993 745 1082 769 cera

165 797 299 846 Digni,
320 797 528 845 remigium
545 795 730 832 vitiosum
751 794 972 831 Ithacensis
992 794 1115 840 Ulixi,

165 858 240 896 Cui
258 858 386 908 potior
404 857 536 906 patria
555 856 633 893 fuit
653 855 863 893 interdicta
883 855 1079 904 voluptas.

165 919 218 966 Si,
240 918 501 956 Mimnermus
522 917 580 954 uti
599 921 741 963 censet,
761 916 845 954 sine
863 928 996 953 amore
1014 915 1180 966 iocisque
1437 920 1459 954 ὁ
1465 929 1484 965 5

163 981 234 1019 Nil
251 986 310 1018 est
327 979 555 1026 iucundum,
575 980 684 1016 vivas
702 979 743 1015 in
762 991 896 1016 amore
912 978 1091 1028 iocisque.

164 1043 280 1090 Vive,
300 1043 399 1080 vale.
457 1041 594 1091 Siquid
613 1042 757 1078 novisti
776 1042 921 1078 rectius
939 1041 1034 1086 istis,

165 1105 364 1143 Candidus
382 1104 530 1154 inperti
544 1117 555 1151 3
583 1103 616 1141 si
635 1116 725 1150 non,
747 1103 806 1139 his
827 1108 939 1140 utere
958 1115 1121 1140 mecum.

775 1323 876 1364 VII.

164 1405 355 1450 QUINQUE
374 1404 455 1441 dies
473 1403 548 1441 tibi
567 1402 762 1452 pollicitus
782 1414 843 1438 me
862 1414 954 1438 rure
972 1401 1168 1448 futurum,

165 1465 352 1504 Sextilem
371 1469 502 1503 totum
523 1464 693 1501 mendax
712 1464 917 1501 desideror.
974 1464 1099 1513 Atqui

165 1527 207 1565 Si
224 1540 286 1565 me
305 1527 435 1565 vivere
452 1527 511 1564 vis
528 1539 668 1563 sanum
689 1531 870 1575 recteque
889 1526 1097 1572 valentem,

164 1590 292 1635 Quam
312 1589 409 1626 mihi
428 1589 498 1626 das
517 1601 647 1639 aegro,
668 1588 776 1625 dabis
797 1592 1002 1637 aegrotare
1021 1588 1190 1634 timenti,

166 1651 384 1698 Maecenas,
405 1651 574 1697 veniam,
596 1651 690 1687 dum
710 1650 803 1686 ficus
823 1650 952 1699 prima
970 1649 1152 1698 calorque
1462 1660 1482 1698 5

165 1713 478 1764 Dissignatorem
500 1712 658 1750 decorat
677 1712 879 1748 lictoribus
898 1712 1008 1757 atris,

165 1775 274 1813 Dum
292 1775 424 1826 pueris
442 1775 568 1812 omnis
587 1778 701 1824 patei·
721 1778 761 1811 et
781 1775 997 1811 matercula
1018 1773 1151 1823 pallet,

164 1837 418 1886 Officiosaque
436 1837 626 1874 sedulitas
643 1841 684 1873 et
704 1836 829 1886 opella
848 1830 1012 1873 forensis

163 1899 340 1937 Adducit
358 1898 487 1936 febres
506 1902 547 1936 et
565 1902 805 1936 testamenta
825 1898 1009 1947 resignat.

164 1961 309 2008 Quodsi
330 1961 471 1998 bruma
491 1961 601 1998 nives
619 1961 789 1998 Albanis
810 1960 950 1996 inlinet
969 1959 1086 2008 agris,
1440 1969 1483 1993 10

163 2023 229 2061 Ad
245 2036 355 2061 mare
373 2022 578 2060 descendet
595 2026 705 2060 vates
722 2027 816 2059 tuus
834 2025 875 2058 et
892 2021 965 2058 sibi
985 2024 1118 2069 parcet

165 2086 481 2134 Contractusque
501 2084 629 2134 leget;
659 2088 711 2129 te,
732 2083 853 2120 dulcis
872 2082 1006 2127 amice,
1030 2081 1169 2117 reviset

164 2147 264 2185 Cum
285 2146 488 2196 erhyris,
510 2146 542 2182 si
560 2145 753 2189 concedes,
774 2150 814 2181 et
835 2144 1043 2181 hirundini·
1066 2143 1201 2191 prima.

163 2209 256 2246 Non
276 2221 353 2258 quo
373 2220 480 2245 more
499 2208 596 2257 piris
615 2209 716 2244 vesci
736 2206 903 2243 Calaber
923 2206 1032 2241 iubet
1054 2205 1188 2251 hospes

161 2272 222 2309 Tu
240 2282 304 2308 me
321 2269 447 2307 fecisti
466 2268 706 2319 locupletem.
766 2271 788 2288 “
803 2268 980 2311 Vescere,
1002 2263 1142 2302 sodes.”
1440 2275 1447 2298 ι
1461 2272 1478 2309 5

164 2332 291 2370 “Iam
306 2331 404 2370 satis
422 2330 516 2369 est.''
564 2331 659 2367 “At
678 2333 736 2376 tu,
757 2332 954 2378 quantum
974 2328 1043 2374 vis,
1065 2326 1189 2364 tolle.''
1238 2329 1257 2345 “
1278 2323 1481 2371 Benigno*
