1701 2605
159 161 207 197 50
734 170 900 197 nomon.

158 264 358 301 Aestimat
379 267 430 310 et,
451 263 527 300 nisi
547 276 647 313 quae
667 263 782 300 terris
800 268 949 299 semota
970 263 1125 312 suisque

158 325 410 374 Temporibus
429 324 618 362 defuncta
639 325 756 371 videt,
779 324 933 361 fastidit
953 328 992 361 et
1013 325 1103 371 odit,

159 387 221 423 Sic
238 385 374 423 fautor
392 389 582 432 veterum,
605 389 651 422 ut
671 386 829 422 tabulas
850 397 1012 434 peccare
1032 389 1214 422 vetantes

158 448 266 491 Quas
285 447 343 484 bis
361 447 534 496 quinque
553 447 627 483 viri
648 450 879 494 sanxerunt,
899 436 1056 484 foedera
1075 460 1211 496 regum

134 546 140 553 ,
158 509 235 546 Vel
254 508 389 545 Gabiis
407 509 469 545 vel
488 521 577 544 cum
597 509 733 557 rigidis
753 511 926 556 aequata
948 508 1112 554 Sabinis,

160 570 395 607 Pontificum
416 570 545 615 libros,
568 582 716 605 annosa
736 569 937 606 volumina
957 573 1095 605 vatum

161 632 328 669 Dictitet
346 631 506 668 Albano
525 631 663 668 Musas
681 631 722 667 in
742 635 875 668 monte
893 631 1054 668 locutas.

162 692 212 740 Si,
234 692 328 742 quia
349 692 563 729 Graiorum
582 696 676 729 sunt
696 693 972 742 antiquissima
993 706 1170 742 quaeque

162 754 318 803 Scripta
338 753 398 791 vel
417 754 577 803 optima,
602 754 771 791 Romani
790 758 1008 803 pensantur
1027 755 1161 791 eadem

162 815 377 864 Scriptores
396 815 555 852 trutina
571 829 579 861 ;
610 828 688 851 non
708 819 766 852 est
786 816 888 864 quod
907 816 1035 852 multa
1054 816 1283 864 loquamur:

161 876 230 913 Nil
249 876 396 912 intrast
417 877 514 924 olea,
534 877 589 912 nil
610 879 763 913 extrast
781 876 823 913 in
842 889 940 914 nuce
960 876 1048 913 duri
1063 890 1074 924 3

161 937 355 974 Venimus
375 937 424 974 ad
444 950 639 974 summum
660 937 856 984 fortunae,
878 938 1075 987 pingimus
1094 941 1214 987 atque

161 998 371 1036 Psallimus
391 1002 430 1035 et
449 999 650 1035 luctamur
669 998 833 1035 Achivis
853 998 1005 1036 doctius
1024 999 1165 1036 unctis.

163 1061 204 1098 Si
224 1060 385 1097 meliora
405 1061 497 1107 dieS,
519 1065 565 1098 ut
586 1061 690 1107 vina,
713 1065 897 1111 poemata
916 1061 1054 1108 reddit,

164 1122 267 1159 Scire
285 1121 414 1168 velim,
435 1121 584 1158 chartis
604 1122 777 1171 pretium
796 1126 942 1171 quotus
961 1125 1118 1171 arroget
1138 1135 1276 1159 annus.

164 1183 339 1231 Scriptor
358 1182 502 1219 abhinc
522 1195 646 1220 annos
665 1187 823 1221 centum
844 1184 912 1233 qui
932 1184 1082 1230 decidit,
1103 1184 1208 1220 inter

163 1243 360 1281 Perfer-tos
381 1247 608 1293 veteresque
627 1244 766 1282 referri
785 1245 898 1283 debet
918 1259 971 1282 an
990 1246 1095 1282 inter

163 1305 274 1342 Viles
293 1309 412 1354 atque
433 1307 578 1343 novos?
635 1305 830 1343 Excludat
849 1306 979 1356 iurgia
998 1307 1086 1343 finis
1105 1309 1112 1344 1

165 1371 187 1388 “
204 1367 276 1403 Est
297 1370 409 1403 vetus
429 1370 550 1416 atque
570 1368 724 1416 probUS‚
746 1371 905 1404 centum
926 1369 993 1417 qui
1012 1369 1164 1418 perficit
1183 1366 1341 1405 annos.''

164 1428 289 1473 Quid?
318 1428 387 1477 qui
407 1429 576 1478 deperiit
595 1430 723 1466 minor
744 1443 822 1467 uno
842 1443 973 1467 mense
993 1431 1054 1467 vel
1074 1443 1190 1476 anno,

165 1490 280 1526 Inter
298 1502 395 1538 quos
415 1490 642 1527 referendus
661 1491 759 1529 erit?
789 1495 988 1529 veteresne
1007 1496 1153 1541 poetas,

165 1551 233 1586 An
252 1563 347 1599 quos
365 1554 405 1587 et
423 1564 606 1600 praesens
626 1555 665 1588 et
684 1555 838 1601 postera
857 1556 1018 1602 respuat
1038 1554 1175 1590 aetas?

168 1615 189 1631 “
206 1612 290 1647 Iste
309 1611 465 1660 quidem
486 1616 637 1650 veteres
656 1613 762 1650 inter
781 1618 949 1663 ponetur
968 1614 1138 1660 honeste,

166 1672 243 1718 Qui
260 1672 321 1708 vel
341 1685 471 1709 mense
491 1673 600 1710 brevi
619 1674 680 1711 vel
700 1678 823 1711 totost
842 1675 971 1711 iunior
990 1675 1131 1711 anno.'’

167 1733 272 1770 Utor
291 1733 487 1782 permisso,
508 1734 732 1784 caudaeque
751 1736 847 1785 pilos
866 1739 911 1772 ut
931 1736 1096 1785 equinae

168 1794 383 1830 Paullatim
405 1795 516 1841 vello,
537 1799 577 1831 et
598 1795 707 1832 demo
728 1809 862 1843 unum,
886 1796 995 1834 demo
1015 1801 1054 1833 et
1074 1797 1167 1834 item
1189 1810 1323 1843 unum,

169 1854 275 1890 Dum
295 1854 412 1891 cadat
431 1855 561 1892 elusus
579 1857 737 1893 ratione
756 1857 907 1894 ruentis
927 1859 1068 1904 acervi,

168 1915 244 1959 Qui
262 1914 364 1951 redit
384 1915 425 1951 in
444 1915 566 1953 fastos
584 1920 624 1953 et
644 1917 834 1954 virtutem
853 1919 1035 1955 aestimat
1054 1920 1169 1956 annis

169 1975 420 2024 Miraturque
440 1976 551 2023 nihil,
571 1976 646 2013 nisi
666 1978 767 2027 quod
787 1978 963 2015 Libitina
982 1980 1163 2017 sacravit.

170 2037 333 2082 Ennius,
356 2040 396 2073 et
416 2038 570 2087 sapiens
589 2042 628 2076 et
648 2038 761 2076 fortis
781 2044 821 2076 et
841 2040 943 2076 alter
963 2040 1173 2087 Homerus,

170 2098 230 2134 Ut
250 2098 375 2134 critici
394 2098 542 2145 dicunt,
563 2099 703 2136 leviter
722 2113 860 2137 curare
879 2101 1044 2148 videtur,

171 2159 255 2202 Quo
274 2159 462 2207 promissa
483 2161 628 2197 cadant
648 2164 688 2198 et
708 2162 859 2198 somnia
878 2162 1138 2212 Pythagorea.

170 2219 347 2256 Naevius
366 2219 407 2255 in
429 2221 611 2257 manibus
630 2235 709 2258 non
730 2225 789 2259 est
808 2226 848 2259 et
867 2223 1065 2259 mentibus
1084 2223 1222 2260 haeret

172 2279 302 2315 Paene
321 2282 479 2318 recens?
508 2281 603 2318 adeo
622 2285 843 2319 sanctumst
862 2286 975 2320 vetus
994 2296 1106 2320 omne
1125 2297 1273 2333 poema.

172 2339 402 2389 Ambigitur
421 2342 612 2390 quotiens,
635 2346 723 2380 uter
743 2346 834 2380 utro
853 2343 904 2380 sit
924 2344 1043 2393 prior,
1064 2345 1196 2383 aufert

1427 519 1472 557 25

1428 828 1477 864 30

1430 1443 1480 1477 40

1431 1748 1478 1785 45

1431 2052 1482 2091 50

1437 2357 1482 2399 55
