1701 2605
177 137 260 200 xl]
644 149 833 187 Ems'rLss,
864 149 967 176 Boon
997 149 1023 177 1.

792 275 866 311 XI.

169 366 278 411 QUID
296 365 371 403 tibi
388 364 472 401 visa
490 362 619 407 chios,
640 359 803 405 Bullati,
822 363 996 408 notaque
1015 359 1170 405 Lesbos,

169 426 271 472 Quid
288 425 480 464 concinna
500 423 648 469 Samos,
667 421 761 472 quid
782 420 911 459 Croesi
930 420 1036 470 regia
1058 419 1202 464 Sardi&

168 489 343 538 Zmyrna
361 485 455 537 quid
474 489 515 523 et
533 484 760 534 Colophon?
790 484 940 520 maiora
958 482 1158 532 minorave
1178 482 1298 520 fama.

168 550 374 588 Cunctane
392 560 486 598 prae
505 546 653 595 Campo
671 549 711 582 et
729 545 912 581 Tiberino
928 543 1089 580 flumine
1108 543 1279 588 sordent,

167 612 236 649 An
253 611 363 648 venit
381 610 423 647 'm
442 613 579 647 votum
598 607 788 644 Attalicis
805 618 852 643 ex
871 605 1035 642 urbibus
1053 616 1146 649 una,

167 676 236 713 An
256 673 457 712 Lebedum
475 671 611 709 laudas
629 670 713 708 odio
733 670 853 706 maris
871 673 993 718 atque
1006 668 1188 705 viarum?

169 739 192 758 “
210 736 302 782 Seis,
323 734 502 772 Lebedus
520 731 614 783 quid
632 732 684 769 sit
700 744 707 769 :
737 731 873 768 Gabiis
891 729 1078 767 desertior
1096 732 1217 777 atque

170 798 326 836 Fidenis
343 797 450 834 vicus
465 809 475 843 3
503 799 641 832 tamen
660 794 737 830 illic
757 793 886 829 vivere
906 791 1058 837 vellem,

168 859 400 908 Oblitusque
419 868 595 894 meorum
614 853 898 892 obliviscendus
916 857 956 890 et
972 852 1052 889 illis

168 921 404 971 Neptunum
423 918 557 969 procul
576 929 596 954 e
616 921 725 954 terra
744 918 922 965 spectare
941 913 1175 951 furentem.''

170 982 245 1020 Sed
263 993 404 1031 neque,
424 980 494 1030 qui
512 978 648 1028 Capua
668 977 835 1014 Romam
854 975 966 1025 petit,
986 975 1111 1011 imbre
1130 974 1291 1023 lutoque

168 1044 391 1094 Adspersus
408 1041 513 1079 volet
532 1040 574 1077 in
593 1050 772 1088 caupona
791 1037 921 1073 vivere
937 1048 947 1083 3
975 1047 1045 1072 nec
1064 1035 1132 1084 qui

170 1106 314 1155 Frigus
332 1102 499 1153 collegit,
519 1101 660 1138 furnos
679 1104 720 1136 et
739 1098 882 1136 balnea
900 1097 1038 1134 laudat

168 1167 231 1206 Ut
244 1166 493 1204 fortunatam
513 1163 627 1213 plene
644 1159 889 1211 praestantia
907 1159 1030 1196 vitam
1047 1171 1057 1205 ;

168 1230 264 1275 Nec,
283 1228 316 1266 si
335 1231 376 1265 te
394 1226 548 1264 validus
565 1222 773 1261 iactaverit
791 1222 941 1259 Auster
960 1221 1001 1257 in
1020 1221 1112 1265 alto,

169 1290 320 1328 Idcirco
337 1288 472 1326 navim
491 1290 604 1324 trans
621 1284 827 1333 Aegaeum
846 1294 955 1318 mare
973 1280 1129 1318 vendas.

170 1350 364 1389 Incolumi
383 1348 542 1387 Rhodos
560 1352 600 1385 et
620 1346 817 1395 Mytilene
835 1343 1002 1393 pulchra
1022 1342 1130 1388 facit,
1151 1340 1254 1391 quod

170 1412 347 1451 Paenula
364 1410 543 1456 solstitio,
562 1410 780 1457 campestre
799 1405 996 1442 nivalibus
1014 1404 1131 1449 auris,

170 1475 248 1512 Per
264 1474 444 1511 brumam
465 1471 625 1517 Tiberis,
647 1468 786 1508 Sextili
806 1479 937 1504 mense
955 1466 1141 1503 caminus.

171 1537 280 1574 Dum
298 1536 388 1573 licet
407 1548 452 1572 ac
471 1534 621 1571 voltum
642 1534 774 1569 servat
794 1530 971 1567 Fortuna
990 1528 1214 1577 benignum,

172 1599 322 1636 Romae
340 1596 521 1634 laudetur
541 1595 676 1633 Samos
695 1597 736 1630 et
757 1592 873 1630 Chios
891 1594 932 1628 et
951 1589 1108 1627 Rhodos
1127 1589 1278 1626 absens.

171 1660 230 1697 Tu
248 1670 536 1709 quamcumque
555 1656 650 1693 deus
668 1655 741 1692 tibi
761 1652 1028 1691 fortunaverit
1047 1651 1185 1687 horam

171 1720 300 1758 Grata
316 1731 427 1757 sume
446 1730 568 1755 manu
588 1729 663 1753 neu
685 1714 813 1752 dulcia
833 1713 946 1750 differ
963 1713 1006 1749 in
1027 1723 1192 1757 annum,

172 1782 233 1820 Ut
251 1792 496 1831 quocumque
515 1779 596 1817 loco
615 1777 736 1815 fueris
756 1776 895 1812 vixisse
913 1774 1084 1811 libenter

171 1844 225 1881 Te
244 1843 373 1880 dicas:
395 1855 490 1880 nam
508 1841 542 1878 si
560 1840 663 1877 ratio
682 1842 722 1876 et
742 1836 953 1888 prudentia
971 1848 1098 1881 curas,

171 1904 213 1942 N
214 1917 264 1942 on
283 1904 389 1942 locus
407 1903 522 1941 effusi
541 1902 622 1938 late
642 1900 762 1938 maris
780 1898 930 1935 arbiter
949 1895 1093 1942 aufert,

172 1965 346 2012 Caelum,
366 1977 446 2002 non
465 1963 642 2000 animum
662 1962 835 2005 mutant,
856 1958 925 2008 qui
944 1962 1057 1995 trans
1078 1969 1186 1994 mare
1205 1960 1382 1993 currunt.

173 2026 344 2065 Strenua
363 2039 433 2064 nos
450 2028 605 2063 exercet
622 2023 789 2061 inertia:
817 2021 986 2058 navibus
1003 2023 1124 2068 atque

173 2088 381 2138 Quadrigis
401 2088 571 2138 petimus
589 2087 687 2124 bene
701 2085 843 2122 vivere.
899 2081 1010 2127 Quod
1030 2080 1142 2131 petis,
1163 2080 1225 2116 hic
1244 2082 1315 2125 est,

174 2150 248 2188 Est
265 2149 444 2198 Ulubris,
464 2148 621 2186 animus
639 2147 671 2184 si
687 2150 727 2184 te
746 2158 825 2183 non
845 2143 975 2182 deficit
993 2153 1152 2191 aequus·

227 2395 270 2422 Η.
286 2396 350 2422 111).
365 2392 393 2418 1.
1321 2380 1343 2413 ἑὲ

1439 139 1486 178 33

1446 926 1490 951 10

1446 1231 1490 1269 15

1444 1538 1492 1564 20

1445 1845 1490 1881 25

1443 2151 1491 2188 30
