1701 2605
181 192 230 228 30
758 192 925 219 HORACE.
1291 172 1391 225 [vn.,
1412 182 1496 208 vni.

182 296 300 346 Spem
318 292 486 331 mentita
504 301 623 340 seges,
643 288 712 326 bos
730 289 790 324 est
808 287 968 323 enectus
986 281 1156 328 arand03

181 358 363 396 Offensus
382 353 535 392 damnis
553 351 680 389 media
699 350 747 386 de
765 352 880 386 nocte
899 346 1096 384 caballum

181 419 340 468 Arripit
358 417 560 464 iratusque
579 412 752 461 Philippi
770 409 901 447 tendit
920 408 970 445 ad
990 406 1115 444 aedes.

182 482 306 527 Quem
325 478 441 516 simul
459 475 636 525 adspexit
654 473 837 510 scabrum
854 471 1133 517 intonsumque
1152 465 1370 514 Philippus,
1453 474 1502 510 90

184 546 206 564 “
226 541 397 587 Durus,''
417 539 486 586 ait,
508 541 531 559 ‘⁴
547 536 697 582 Vultei,
717 534 833 572 nimis
852 535 1107 580 attentusque
1125 527 1267 565 videris

183 606 279 642 Esse
297 601 429 640 mihi.’'
485 603 507 621 ‘⁴
523 600 607 643 Pol,
628 611 690 635 me
708 598 907 642 miserum,
926 598 1104 644 patrone,
1124 600 1291 635 vocareS‚

186 666 227 703 Si
243 665 361 702 velles
376 663 395 679 ''
414 661 545 711 inquit
565 663 737 697 “verum
756 657 853 694 mihi
872 667 1016 706 ponere
1035 664 1187 690 nomen.

184 726 295 773 Quod
313 730 354 762 te
373 737 442 774 per
461 722 630 760 Genium
649 720 907 767 dextramque
926 717 1091 764 deosque
1111 713 1282 749 Penates

184 789 351 826 Obsecro
370 789 411 822 et
429 785 614 830 obtestor,
635 782 741 819 vitae
760 793 823 817 me
842 779 958 816 redde
977 775 1098 827 priori
1117 776 1124 812 ἔ
1140 774 1158 790 ”
1454 779 1501 818 95

184 849 262 895 Qui
280 847 397 885 semel
416 845 606 895 adspexit,
627 847 823 893 quantum
842 841 999 878 dimissa
1019 836 1153 887 petitis

185 912 406 956 Praestent,
427 912 584 945 mature
602 906 735 943 redeat
753 907 984 952 repetatque
1002 899 1150 936 relicta.

187 971 326 1010 Metiri
343 983 383 1008 se
401 980 594 1019 quemque
613 979 683 1004 suo
702 964 857 1002 modulo
872 976 917 999 ac
938 961 1032 1012 pede
1051 958 1240 996 verumsb.

784 1170 911 1207 VIII.

188 1267 315 1304 OELso
334 1263 504 1315 gaudere
522 1265 562 1299 et
581 1261 680 1298 bene
698 1271 780 1296 rem
801 1269 935 1307 gerere
953 1254 1206 1292 Albinovano

189 1328 309 1365 Musa
326 1329 466 1374 rogata
484 1323 599 1369 refer,
618 1321 750 1359 comiti
769 1319 993 1367 scribaeque
1012 1313 1193 1352 Neronis.

190 1389 231 1426 Si
250 1390 412 1437 quaeret
431 1385 523 1435 quid
543 1395 673 1433 agam,
694 1381 753 1418 dic
772 1379 900 1417 multa
927 1382 967 1415 et
985 1375 1150 1426 pulchra
1169 1371 1389 1409 minantem

188 1450 335 1486 Vivere
352 1460 423 1485 nec
442 1449 546 1483 recte
564 1457 635 1481 nec
653 1443 839 1488 suaviter,
861 1439 969 1477 haud
986 1438 1079 1487 quia
1099 1433 1248 1485 grando

190 1509 422 1549 Contuderit
440 1508 540 1544 vites
559 1506 733 1543 oleamve
751 1500 1004 1540 momorderit
1024 1501 1167 1543 aestus,
1489 1501 1508 1538 5

189 1573 274 1610 Nec
292 1571 385 1621 quia
402 1567 625 1619 longinquis
644 1569 869 1603 armentum
889 1564 1067 1611 aegrotet
1085 1559 1128 1595 in
1147 1556 1275 1606 agris3

191 1633 265 1671 Sed
284 1632 377 1682 quia
396 1634 528 1668 mente
547 1629 678 1665 minus
697 1625 848 1663 validus
867 1636 988 1673 quam
1006 1631 1164 1670 corpore
1183 1619 1265 1654 toto

190 1695 260 1733 Nil
279 1694 416 1730 audire
434 1692 563 1737 velim,
584 1690 640 1727 nil
660 1689 816 1733 discere,
837 1685 939 1736 quod
957 1685 1062 1721 levet
1081 1691 1245 1730 aegrum
1260 1689 1271 1725 ;

190 1755 295 1794 Fidis
313 1753 486 1791 offendar
504 1751 672 1796 medicis,
691 1750 839 1786 irascar
856 1746 1001 1792 amicis,

191 1818 272 1855 Our
290 1829 353 1853 me
369 1814 759 1862 funesto'properent
778 1821 910 1846 arcere
928 1810 1090 1844 veterno
1104 1818 1115 1852 3
1469 1810 1513 1834 10

192 1880 301 1924 Quae
315 1888 481 1914 nocuere
499 1887 652 1923 sequar,
673 1871 826 1921 fugiam
844 1881 945 1919 quae
965 1866 1118 1917 profore
1137 1864 1291 1902 credam
1306 1876 1316 1910 ;

192 1940 342 1976 Romae
361 1937 482 1974 Tibur
501 1947 629 1972 amem
647 1936 843 1977 ventosus,
863 1930 1006 1967 Tibure
1025 1928 1206 1964 Romam.

193 2000 287 2038 Post
306 1999 414 2044 haec,
434 2001 481 2033 ut
499 1996 644 2042 valeat,
664 2006 740 2043 quo
760 1995 873 2043 pacto
892 2002 975 2027 rem
995 1991 1107 2038 gerat
1127 1989 1168 2023 et
1187 1998 1240 2033 se,

193 2062 253 2099 Ut
273 2060 426 2110 placeat
444 2057 586 2103 iuveni,
606 2059 848 2106 percontare,
867 2055 990 2101 utque
1009 2047 1170 2086 cohorti.

195 2122 238 2160 Si
256 2121 357 2159 dicet
378 2122 399 2140 “
415 2117 572 2163 Recte?
592 2117 764 2166 primum
783 2113 965 2164 gaudere,
984 2109 1147 2147 subinde
1469 2116 1512 2155 15

192 2174 458 2223 Praeceptum
478 2170 665 2209 auriculis
684 2169 759 2208 hoc
776 2167 972 2206 instillare
987 2169 1213 2206 memento:

199 2237 293 2275 “Ut
311 2240 357 2275 tu
375 2236 589 2283 fortunam,
613 2234 668 2272 sic
685 2246 759 2271 nos
775 2236 828 2277 te,
851 2230 976 2280 Celse,
997 2228 1215 2269 feremus.''
