1701 2605
201 160 250 197 24
775 170 943 199 nomon.

198 264 268 301 An
285 263 454 301 tacitum
473 263 592 300 silvas
608 263 716 300 inter
733 265 892 312 reptare
909 260 1098 307 salubres,

199 324 415 362 Oui-antem
435 324 625 375 quidquid
644 324 805 373 dignum
824 324 1001 372 sapiente
1024 320 1265 370 bonoquest‘l

198 385 291 424 Non
312 391 357 424 tu
377 399 515 435 corpus
534 399 621 423 eras
640 385 724 422 siue
743 390 907 435 pectore.
965 383 1017 420 Di
1036 382 1107 419 tibi
1129 382 1310 428 formam,

199 447 252 485 Di
274 448 346 485 tibi
365 448 525 485 divitias
545 447 738 484 dederunt
757 451 961 494 artemque
980 442 1148 481 fruendi.

198 509 301 554 Quid
322 514 461 546 voveat
479 509 583 546 dulci
602 508 802 545 nutricula
821 507 947 544 maius
966 506 1139 552 alumno,

199 572 275 616 Qui
294 584 430 621 sapere
449 576 490 609 et
509 571 584 608 fari
606 571 727 621 possit
745 582 848 619 quae
866 568 1026 612 sentiat,
1047 571 1088 604 et
1106 566 1170 603 cui

198 633 353 680 Gratia,
374 634 492 678 fama,
514 633 700 669 valetudo
720 634 923 680 contingat
944 629 1109 675 abunde,

198 694 254 731 Et
273 695 442 732 mundus
461 695 587 731 victus
606 707 683 731 non
703 693 906 730 deficiente
924 691 1142 728 crumena‘.l

199 756 313 793 Inter
332 769 439 804 spem
460 768 686 804 curamque,
707 755 869 791 timores
886 753 993 790 inter
1012 756 1053 788 et
1072 751 1151 788 iras

198 817 365 854 Omnem
384 817 496 854 crede
516 817 617 853 diem
637 816 710 852 tibi
730 815 914 852 diluxisse
933 822 1186 861 supremum:

198 878 324 915 Grata
343 878 603 927 superveniet,
624 890 726 927 quae
745 889 822 913 non
842 875 1067 924 sperabitur
1086 873 1194 909 hora.

200 940 267 976 Me
288 940 471 989 pinguem
491 945 531 976 et
551 939 721 975 nitidum
741 939 840 975 bene
859 940 1000 974 curata
1019 939 1108 971 cute
1128 934 1240 980 vises,

198 1001 299 1040 Cum
318 1001 442 1039 ridere
456 999 576 1044 voles,
587 1000 749 1050 Epicuri
767 999 814 1037 de
833 1010 950 1049 grege
969 1008 1141 1048 porcum.

727 1133 1076 1282 *fs

199 1302 244 1340 81
263 1305 373 1352 potes
391 1300 597 1338 Archiacis
614 1299 778 1336 conviva
797 1297 1024 1334 recumbere
1042 1296 1154 1334 lectis

200 1363 285 1400 Nec
305 1362 455 1417 modica
474 1374 616 1398 cenare
635 1361 750 1397 times
769 1359 853 1396 olus
872 1370 986 1396 omne
1003 1357 1163 1415 patella,

200 1425 391 1474 Supremo
411 1428 450 1460 te
470 1423 549 1460 sole
568 1422 682 1468 domi,
703 1422 911 1469 Torquate,
932 1412 1108 1456 manebo.

198 1485 308 1522 Vina
328 1485 434 1521 bibes
454 1485 600 1519 iterum
619 1483 750 1519 Tauro
769 1481 914 1518 diffusa
933 1479 1128 1530 palustres

199 1547 314 1583 Inter
337 1546 567 1582 Minturnas
590 1544 949 1591 Sinuessanumque
970 1541 1191 1578 Petrinum.

200 1608 239 1645 Si
261 1622 307 1644 m‹
324 1608 398 1643 lius
418 1606 509 1655 quid
531 1607 660 1651 habes,
682 1617 831 1642 arcesse
850 1604 910 1640 vel
930 1603 1139 1652 imperium
1158 1601 1230 1639 fer.

199 1668 436 1705 Iamdudum
456 1667 635 1715 splendet
656 1666 764 1703 focus
782 1670 822 1702 et
841 1665 914 1702 tibi
935 1663 1082 1701 munda
1101 1662 1288 1713 supellex.

200 1730 320 1766 Mitte
341 1730 441 1765 leves
460 1740 547 1777 spes
566 1733 607 1764 et
626 1727 843 1764 certamina
863 1725 1091 1762 divitiarum

198 1791 253 1828 Et
276 1790 425 1826 Moschi
445 1801 628 1826 causam:
657 1801 744 1825 cras
764 1792 860 1824 nato
881 1788 1046 1824 Caesare
1064 1785 1190 1822 festus

199 1852 283 1889 Dat
303 1851 457 1888 veniam
478 1862 736 1898 somnumque
756 1849 861 1894 dies;
890 1850 1038 1897 inpune
1058 1846 1189 1883 licebit

199 1912 404 1950 Aestivam
424 1924 602 1948 sermone
621 1910 791 1960 benigno
811 1908 973 1946 tendere
992 1911 1158 1945 noctem.

200 1973 287 2018 Quo
307 1973 402 2008 mihi
423 1971 640 2016 fortunam,
659 1972 692 2008 si
711 1983 791 2007 non
809 1969 1035 2006 conceditur
1053 1969 1137 2005 uti?

199 2034 348 2072 Parcus
367 2034 415 2069 ob
434 2033 586 2070 heredis
605 2045 741 2069 curam
760 2032 1004 2079 nimiumque
1022 2041 1178 2066 severus

200 2094 366 2132 Adsidet
386 2094 524 2130 insano
541 2106 549 2130 :
570 2098 707 2143 potare
726 2097 766 2129 et
786 2103 970 2142 spargere
990 2091 1102 2128 fiores

201 2156 392 2203 Incipiam
414 2156 622 2204 patiarque
641 2154 700 2191 vel
721 2153 965 2190 inconsultus
984 2152 1132 2188 haberi.

200 2216 301 2260 Quid
325 2230 398 2252 non
420 2217 589 2252 ebrietas
607 2216 800 2265 dissignat
817 2217 830 2252 ’.ἱ
859 2218 997 2264 operta
1017 2212 1193 2260 recludit,

203 2277 297 2326 Spes
317 2278 423 2313 iubet
442 2289 524 2313 esse
543 2283 664 2322 ratas,
685 2277 735 2312 ad
757 2275 902 2325 proelia
920 2275 1049 2312 trudit
1068 2274 1250 2319 inertem,

205 2337 387 2377 Sollicitis
406 2336 548 2374 animis
567 2349 664 2374 onus
684 2337 832 2384 eximit,
854 2335 1015 2373 addocet
1035 2338 1152 2372 artes·

1378 152 1464 207 [1v.,
1486 164 1518 192 v.

1476 638 1522 664 10

1476 943 1520 982 15

1477 1858 1523 1883 10

1477 2160 1521 2200 15
