1701 2605
221 207 270 244 42
803 215 971 243 Holmon.
1278 203 1403 256 [xvn.‚
1425 215 1538 242 xv111.

220 311 298 348 Hic
316 310 434 358 subit,
453 314 495 349 et
513 310 674 361 perfert.
729 310 819 348 Aut
837 310 966 347 virtus
984 322 1127 347 nomen
1146 309 1315 357 inanest,

218 374 307 410 Aut
324 373 440 410 decus
458 376 498 410 et
518 373 688 422 pretium
708 376 813 410 recte
832 372 934 422 petit
953 372 1156 421 experiens
1175 372 1245 410 vir.

219 435 360 472 Coram
379 446 469 483 rege
488 446 561 471 suo
576 434 623 471 de
641 437 877 483 paupertate
896 438 1074 471 tacentes

219 495 313 532 Plus
330 498 510 544 poscente
528 493 659 531 ferent
674 509 681 532 ε
711 494 846 542 distat,
864 506 1046 531 sumasne
1064 493 1258 544 pudenter

218 557 286 593 An
305 556 434 605 rapias
446 570 456 603 ,·
485 556 599 606 atqui
617 569 749 593 rerum
768 559 888 606 caput
906 556 978 593 hoc
996 559 1096 602 erat,
1116 556 1179 593 hic
1196 556 1295 595 fons.

219 621 241 638 “
260 617 449 655 Indotata
468 617 566 654 mihi
584 630 692 654 soror
715 621 786 665 est,
806 617 1048 667 paupercula
1067 621 1207 664 mater,

219 680 271 716 Et
292 679 439 716 fundus
458 691 529 716 nec
549 679 756 716 vendibilis
774 691 846 716 nec
864 691 1022 728 pascere
1040 679 1178 716 firmus
1189 679 1208 697 ”

217 741 293 786 Qui
312 741 417 785 dicit,
439 741 586 777 clamat
606 740 809 777 “Victum
828 739 954 778 date.”
1010 740 1184 778 Succinit
1203 741 1306 778 alter

218 806 239 823 “
257 804 310 839 Et
330 803 426 839 mihi
446 803 603 839 dividuo
622 802 795 839 findetur
814 814 978 839 munere
998 802 1181 851 quadra.''

218 864 292 901 Sed
310 864 454 900 tacitus
472 863 579 913 pasci
596 863 629 899 si
648 868 775 912 posset
794 876 944 909 corvus,
964 863 1129 900 haberet

216 924 312 961 Plus
330 924 451 973 dapis,
471 927 511 961 et
530 924 638 961 rixae
658 924 782 961 multo
802 924 932 961 minus
949 924 1206 974 invidiaeque.

217 986 474 1023 Brundisium
494 998 619 1023 comes
638 989 709 1023 aut
729 986 966 1023 Surrentum
986 986 1126 1024 ductus
1145 999 1364 1034 amoenum,

215 1048 292 1092 Qui
310 1047 490 1097 queritur
508 1047 681 1084 salebras
699 1051 739 1084 et
758 1048 940 1085 acerbum
958 1047 1086 1097 frigus
1102 1051 1143 1086 et
1160 1048 1315 1096 imbres,

218 1109 302 1145 Aut
321 1109 460 1145 cistam
481 1108 687 1145 effractam
707 1112 749 1145 et
769 1109 963 1146 subducta
982 1109 1125 1146 viatica
1143 1109 1285 1159 plorat,

216 1170 324 1207 Nota
343 1169 464 1207 refert
484 1170 700 1207 meretricis
719 1170 913 1217 acumina,
935 1183 1050 1220 saepe
1069 1171 1266 1217 catellam,

216 1232 339 1280 Saepe
358 1231 622 1280 periscelidem
643 1234 803 1281 raptam
823 1231 896 1268 sibi
914 1231 1057 1276 flentis,
1077 1232 1139 1268 uti
1159 1243 1250 1268 mox

215 1292 340 1329 Nulla
358 1292 452 1329 fides
470 1292 625 1329 damnis
644 1292 823 1342 verisque
842 1292 1038 1330 doloribus
1058 1293 1172 1330 adsit.

214 1354 298 1390 Nec
317 1353 434 1390 semel
453 1353 598 1390 inrisus
616 1353 744 1390 triviis
763 1354 946 1391 attollere
965 1358 1080 1390 curat

215 1415 358 1451 Fracto
377 1427 490 1451 crure
510 1414 688 1463 planum,
710 1415 801 1452 licet
819 1415 878 1452 illi
900 1415 1073 1464 plurima
1092 1419 1230 1453 manet

215 1476 407 1522 Lacrima,
429 1488 498 1524 per
516 1480 699 1512 sanctum
717 1476 872 1513 iuratus
891 1476 996 1513 dicat
1015 1476 1160 1514 Osirim
1177 1491 1184 1514 ε

217 1540 239 1556 “
256 1537 421 1582 Credite,
445 1549 524 1573 non
544 1536 636 1573 ludo
657 1550 667 1584 ;
696 1537 882 1584 crudeles,
903 1536 1031 1575 tollite
1056 1537 1273 1575 claudum.’'

218 1601 239 1618 “
257 1598 409 1643 Quaere
428 1597 679 1647 peregrinum
695 1597 713 1614 ''
733 1599 876 1636 vicinia
894 1610 1014 1635 rauca
1033 1598 1236 1636 reclamat.

794 1817 960 1854 XVIII.

215 1896 259 1934 SI
277 1896 375 1933 bene
393 1900 433 1933 te
450 1896 552 1943 novi,
572 1898 734 1943 metues,
753 1895 952 1932 liberrime
972 1895 1085 1940 Lolli,

215 1957 438 1994 Scurrantis
457 1957 619 2006 speciem
640 1957 838 2006 praebere,
858 1956 1054 2006 professus
1072 1956 1255 1994 amicum.

214 2018 276 2055 Ut
293 2022 475 2054 matrona
495 2017 689 2055 meretrici
709 2017 840 2067 dispar
860 2018 936 2055 erit
954 2022 1075 2067 atque

214 2078 401 2124 Discolor,
421 2078 541 2115 infido
560 2091 715 2115 scurrae
735 2079 899 2115 distabit
918 2079 1079 2116 amicus.

214 2140 288 2177 Est
306 2138 397 2176 huic
416 2139 611 2176 diversum
630 2139 727 2176 vitio
746 2139 887 2175 vitium
907 2152 1026 2189 prope
1044 2138 1183 2186 maius,

213 2200 421 2249 Asperitas
440 2200 605 2250 agrestis
621 2204 660 2237 et
680 2201 913 2237 inconcinna
933 2201 1153 2250 gravisque,

212 2263 321 2307 Quae
340 2273 381 2298 se
398 2261 646 2299 commendat
664 2265 776 2299 tonsa
795 2265 895 2308 cute,
917 2262 1100 2299 dentibus
1119 2261 1231 2307 atris,

213 2323 321 2361 Dum
339 2322 427 2360 vult
445 2322 606 2360 libertas
625 2322 700 2359 dici
719 2334 825 2359 mera
843 2335 1014 2372 veraque
1032 2322 1171 2359 virtus.

211 2384 357 2422 Virtus
375 2387 434 2421 est
453 2383 621 2421 medium
642 2383 828 2421 vitiorum
849 2387 889 2421 et
908 2384 1107 2433 utrimque
1125 2383 1342 2422 reductum.

1490 569 1539 606 45

1491 875 1542 914 50

1490 1181 1537 1220 55

1486 1479 1536 1515 60
