1701 2605
150 164 287 220 mu]
615 175 806 212 EPISTLES,
838 177 940 204 Boot<
971 175 997 205 1.
1081 181 1084 183 ’
1416 166 1464 203 45

149 273 212 311 Ut
228 273 388 324 penitus
406 276 560 318 notum,
579 272 615 309 si
632 273 832 321 temptent
852 269 1028 316 crimina,
1048 280 1178 306 serves
1417 270 1465 306 80

148 334 380 385 Tuterisque
398 337 469 372 tuo
486 333 671 371 fidentem
691 331 883 383 praesidio
898 345 906 369 :
935 330 1003 380 qui

149 396 281 434 Dente
298 395 501 433 Theonino
518 406 609 431 cum
627 393 940 439 circumroditur,
959 390 1098 441 ecquid

148 457 215 494 Ad
231 460 273 494 te
291 459 380 506 post
398 455 532 506 paullo
550 457 719 492 ventura
739 453 915 504 pericula
934 453 1083 490 sentis?

148 519 256 556 Nam
274 521 347 556 tua
365 529 428 555 res
446 518 595 567 agitur,
617 517 742 566 paries
761 528 850 553 cum
870 515 1070 564 proximus
1089 513 1215 560 ardet,

148 580 203 617 Et
221 579 400 630 neglecta
418 578 546 615 solent
563 577 743 615 incendia
761 588 914 614 sumere
932 576 1044 613 vires
1418 576 1464 622 85

149 640 286 679 Dulcis
304 640 521 690 inexpertis
539 639 696 676 cultura
714 638 888 688 potentis
907 637 1023 674 amici
1037 651 1047 684 3

148 703 347 753 Expertus
365 702 521 738 metuit.
577 700 649 746 Tu,
669 700 764 737 dum
782 703 855 736 tua
874 699 987 736 navis
1008 698 1048 735 in
1068 697 1201 744 altost,

149 766 236 803 Hoc
253 776 339 814 age,
359 776 409 801 ne
428 766 584 800 mutata
601 765 817 799 retrorsum
836 764 876 797 te
896 759 999 797 ferat
1018 771 1129 796 aura.

149 826 329 865 Oderunt
347 824 515 862 hilarem
535 823 670 860 tristes
689 822 923 871 tristemque
944 822 1071 867 iocosi,

151 887 340 926 Sedatum
359 886 512 933 celeres,
533 884 677 935 agilem
697 896 924 933 navumque
941 883 1118 930 remissi3
1418 896 1468 931 90

149 949 310 988 Potores
327 947 453 986 bibuli
470 946 598 984 media
616 946 663 984 de
682 950 796 983 nocte
815 946 974 982 Falerni

149 1011 328 1050 Oderunt
345 1012 525 1061 porrecta
544 1012 756 1058 negantem
776 1007 926 1057 pocula,
947 1006 1127 1056 quamvis

148 1074 190 1112 N
190 1077 374 1112 octurnos
391 1072 496 1109 iures
514 1074 554 1108 te
572 1070 786 1107 formidare
805 1074 968 1119 tepores.

150 1135 275 1173 Deme
292 1133 498 1184 supercilio
517 1132 661 1169 nubem
680 1144 688 1169 :
717 1131 947 1181 plerumque
967 1129 1165 1167 modestus

149 1197 326 1246 Occupat
344 1195 498 1233 obscuri
516 1194 694 1244 speciem,
714 1193 940 1230 taciturnus
960 1192 1100 1229 acerbi.
1420 1203 1465 1238 95

149 1258 265 1296 Inter
282 1259 426 1294 cuncta
445 1255 550 1305 leges
568 1259 608 1293 et
626 1255 906 1305 percontabere
925 1253 1066 1299 doctos,

148 1319 236 1365 Qua
252 1319 406 1357 ratione
425 1330 547 1368 queas
567 1316 772 1354 traducere
790 1316 934 1353 leniter
953 1328 1106 1360 aevum,

148 1382 260 1420 Num
277 1384 318 1418 te
335 1392 488 1430 semper
505 1380 617 1429 inops
636 1379 762 1428 agitet
782 1381 973 1427 vexetque
991 1376 1142 1427 cupido,

148 1443 259 1481 Num
277 1455 402 1493 pavor
420 1445 461 1479 et
479 1454 612 1479 rerum
631 1440 875 1477 mediocriter
895 1439 1053 1476 utilium
1073 1450 1168 1487 spes,

147 1504 355 1542 Virtutem
374 1503 554 1541 doctrina
572 1506 687 1553 paret
706 1506 904 1539 naturane
923 1501 1054 1546 donet,
1398 1513 1467 1535 100

153 1564 260 1610 Quid
278 1566 437 1602 minuat
457 1576 583 1611 cu1-aS‚
604 1563 698 1613 quid
717 1567 757 1600 te
775 1563 851 1600 tibi
869 1562 1008 1599 reddat
1026 1561 1208 1606 amicum,

150 1626 254 1672 Quid
272 1638 372 1676 pure
390 1625 639 1675 tranquillet,
659 1625 781 1662 honos
799 1637 852 1661 an
872 1623 983 1660 dulce
1001 1621 1196 1667 lucellum,

149 1688 219 1725 An
237 1691 431 1726 secretum
448 1687 526 1725 iter
543 1690 585 1724 et
603 1685 781 1723 fallentis
799 1685 940 1722 semita
960 1685 1075 1721 vitae.

151 1749 220 1787 Me
237 1750 420 1800 quotiens
438 1748 564 1787 reficit
583 1748 733 1798 gelidus
753 1746 943 1797 Digentia
962 1746 1081 1791 rivus,

151 1811 277 1856 Quem
297 1810 482 1848 Mandela
501 1810 614 1855 bibit,
635 1821 799 1859 rugosus
818 1808 962 1858 frigore
982 1819 1117 1859 pagus,
1397 1817 1440 1840 10
1447 1816 1464 1851 5

150 1872 254 1918 Quid
272 1872 418 1910 sentire
437 1872 581 1921 putas?
610 1870 705 1920 quid
722 1869 856 1916 credis,
876 1869 1010 1915 amice,
1034 1867 1206 1918 precari?

153 1936 176 1954 “
189 1933 251 1971 Sit
270 1933 379 1981 mihi,
399 1933 505 1983 quod
525 1945 630 1970 nunc
649 1935 720 1978 est,
741 1932 861 1968 etiam
881 1931 1022 1976 minus,
1043 1933 1083 1966 et
1103 1929 1198 1965 mihi
1219 1927 1345 1963 vivam

151 1994 263 2039 Quod
281 1997 457 2044 superest
477 1993 576 2040 aevi,
594 1992 723 2042 siquid
742 2004 940 2042 superesse
959 1991 1096 2027 volunt
1114 1989 1152 2025 (li
1168 2002 1177 2035 ;

153 2054 214 2092 Sit
232 2055 335 2093 bona
354 2055 544 2092 librorum
563 2057 605 2092 et
623 2054 801 2103 provisae
820 2053 945 2102 frugis
963 2052 1004 2089 in
1023 2063 1172 2088 annum

153 2116 284 2167 Copia,
304 2129 382 2154 neu
402 2116 553 2153 fluitem
573 2114 715 2152 dubiae
734 2127 800 2164 spe
820 2113 1012 2164 pendulus
1031 2110 1182 2149 horae.’'
1399 2121 1468 2145 110

153 2178 229 2216 Sed
248 2178 345 2215 satis
362 2181 423 2215 est
440 2189 553 2214 orare
574 2176 722 2223 Iovem,
743 2188 844 2225 quae
862 2175 972 2225 ponit
994 2177 1035 2210 et
1053 2172 1207 2209 aufert:

155 2238 238 2277 Det
256 2238 395 2287 vitam,
415 2237 481 2276 det
501 2249 592 2288 opes
606 2250 618 2286 3
647 2249 818 2287 aequum
837 2236 892 2273 mi
910 2235 1086 2272 animum
1107 2233 1188 2282 ipsc
1208 2230 1362 2280 parabo.
