1701 2605
210 184 259 222 38
787 197 954 224 HORACE.
1333 184 1426 238 [XV.,
1445 197 1524 224 XVI.

209 288 295 325 Aut
312 288 491 338 paullum
509 288 743 336 abstulerat,
762 289 922 340 patinas
939 290 1106 327 cenabat
1123 290 1246 328 omasi

207 349 310 386 Vilis
327 353 367 387 et
386 349 566 399 agninae,
586 350 716 387 tribus
734 350 836 387 ursis
852 351 956 400 quod
973 351 1070 388 satis
1087 354 1211 398 esset3

207 410 361 448 Scilicet
379 415 426 447 ut
444 415 602 448 ventres
620 411 755 448 Iamna
774 412 967 449 candente
985 417 1173 462 nepotum

206 472 364 509 Diceret
383 472 550 509 urendos
567 476 766 510 correctus
781 473 946 511 Bestius.
1005 474 1127 521 Idem,

203 533 401 583 Quidquid
420 537 505 571 erat
523 538 665 570 nactus
682 534 850 583 praedae
868 535 1036 582 maioris,
1057 536 1126 573 ubi
1143 549 1257 574 omne

204 594 395 631 Verterat
412 594 453 631 in
473 593 629 631 fumum
649 598 689 631 et
707 595 887 642 cinerem,
910 598 932 616 “
948 596 1040 633 Non
1057 596 1214 635 hercule
1232 597 1386 644 miror,’'

204 656 362 701 Aiebat,
384 658 406 676 ⁴‘
422 656 524 705 siqui
543 656 752 693 comedunt
770 657 884 702 bona,
905 670 993 694 cum
1012 658 1063 694 sit
1082 658 1195 696 obeso

202 717 271 753 Nil
292 717 429 753 melius
449 717 576 764 turdo,
598 717 654 754 nil
673 717 788 754 volva
807 718 1010 767 pulchrius
1028 719 1195 769 ampla.’'

201 778 401 814 Nimirum
420 778 481 815 hic
501 791 570 827 ego
588 791 674 815 sum
691 791 699 825 ;
729 792 823 816 nam
841 783 934 817 tuta
953 784 993 817 et
1010 780 1174 831 parvola
1190 781 1320 828 laudo,

201 839 300 876 Cum
320 851 382 876 res
400 839 596 885 deficiunt,
618 840 714 876 satis
733 840 838 877 inter
857 841 949 878 vilia
968 840 1081 878 fortis
1099 854 1106 878 ε

200 901 355 937 Verum
374 900 442 937 ubi
460 900 553 950 quid
573 901 713 938 melius
731 902 927 951 contingit
946 906 986 940 et
1004 903 1175 951 unctius,
1194 903 1298 941 idem

200 962 282 998 Vos
297 974 433 1010 sapere
452 965 493 998 et
511 962 610 999 solos
630 962 691 999 aio
711 963 809 1000 bene
830 964 971 1010 vivere,
992 976 1159 1013 quorum

200 1023 446 1073 Conspicitur
463 1022 598 1060 nitidis
616 1022 786 1061 fundata
805 1025 968 1074 pecunia
985 1025 1098 1062 villis.

803 1243 922 1280 XVI.

196 1318 261 1354 NE
279 1319 529 1367 perconteris,
549 1319 697 1357 fundus
715 1333 835 1368 meUS‚
855 1323 1001 1370 optime
1021 1322 1171 1371 Quinti,

195 1379 306 1416 Arvo
323 1384 459 1429 pascat
477 1393 588 1418 erum
607 1394 660 1418 an
678 1381 784 1419 bacis
801 1382 1006 1432 opulentet
1023 1384 1149 1421 olivae

196 1440 378 1478 Pomisne
396 1454 448 1478 an
467 1442 592 1490 pratis
611 1455 663 1478 an
683 1443 827 1480 amicta
845 1444 992 1481 vitibus
1006 1445 1135 1482 ulmo:

195 1501 395 1538 Scribetur
414 1503 486 1538 tibi
505 1502 634 1539 forma
653 1503 870 1552 loquaciter
888 1508 928 1542 et
947 1505 1046 1542 situs
1064 1507 1160 1556 agri.

194 1563 380 1599 Continui
401 1567 564 1610 montes,
585 1564 627 1600 ni
647 1564 902 1602 d1ssocientu1·
921 1578 1040 1616 opaca

193 1623 322 1670 Valle,
343 1624 408 1660 sed
428 1629 474 1661 ut
492 1625 651 1662 veniens
670 1626 852 1664 dextrum
871 1627 976 1664 latus
993 1628 1181 1678 adspiciat
1199 1629 1276 1677 Sol,

194 1685 370 1721 Laevum
389 1685 576 1724 decedens
595 1700 716 1724 curru
734 1687 913 1738 fugiente
932 1694 1105 1739 vaporet.

192 1746 434 1795 Temperiem
454 1747 597 1785 laudes.
656 1749 758 1792 Quid
777 1750 810 1786 si
827 1750 1046 1787 rubicunda
1065 1752 1224 1802 benigni

192 1809 322 1844 (jorna
341 1821 477 1857 vepres
495 1813 535 1846 et
553 1822 684 1858 pruna
702 1810 847 1858 ferant,
867 1812 900 1849 si
918 1825 1082 1861 quercus
1099 1817 1140 1850 et
1158 1814 1235 1850 ilex

193 1869 326 1905 Multa
346 1869 461 1919 fruge
479 1883 606 1919 pecus,
629 1871 754 1908 multa
774 1872 976 1909 dominum
994 1873 1104 1910 iuvet
1122 1876 1290 1913 umbra2

192 1930 309 1966 Dicas
329 1930 541 1968 adductum
562 1932 720 1981 propius
739 1933 922 1971 frondere
939 1935 1166 1973 Tarentum.

190 1991 293 2027 Fons
312 1992 431 2027 etiam
449 1993 533 2029 rivo
553 1993 646 2030 dare
665 2006 807 2031 nomen
825 1995 995 2043 idoneus,
1017 2000 1063 2033 ut
1081 2009 1151 2034 nec

191 2051 384 2101 Frigidior
403 2052 597 2090 Thracam
617 2067 688 2091 nec
707 2055 842 2103 purior
861 2057 1011 2093 ambiat
1031 2058 1201 2106 Hebrus,

190 2114 356 2150 Infirmo
374 2115 495 2163 capiti
515 2115 604 2152 fluit
622 2116 742 2162 utilis,
763 2117 871 2153 utilis
890 2117 988 2155 alvo.

190 2174 281 2211 Hae
301 2175 474 2212 latebrae
493 2177 637 2219 dulces,
665 2175 787 2213 etiam
814 2179 846 2216 si
865 2180 999 2226 credis,
1020 2193 1217 2228 amoenae,

190 2235 432 2272 Incolumem
454 2237 526 2273 tibi
546 2250 608 2274 me
627 2242 834 2287 praestant
854 2239 1149 2290 Septembribus
1168 2243 1283 2280 horis.

189 2296 248 2332 Tu
267 2300 373 2333 recte
393 2297 502 2345 vivis,
522 2298 554 2335 si
574 2311 688 2336 curas
706 2311 788 2337 esse
806 2301 910 2349 quod
929 2301 1050 2341 audis.

189 2356 392 2395 Iactamus
412 2357 490 2395 iam
513 2359 659 2410 pridem
680 2361 807 2399 omnis
826 2364 865 2397 te
886 2361 1012 2400 Roma
1034 2363 1191 2400 beatum
1207 2377 1218 2413 3

1477 364 1523 403 35

1471 673 1522 708 40

1468 978 1517 1017 45

1465 1890 1510 1915 10

1462 2195 1506 2234 Ῑ5
