<?xml version="1.0" encoding="UTF-8"?>
<!DOCTYPE html PUBLIC "-//W3C//DTD XHTML 1.0 Transitional//EN"
    "http://www.w3.org/TR/xhtml1/DTD/xhtml1-transitional.dtd">
<html xmlns="http://www.w3.org/1999/xhtml" xml:lang="en" lang="en">
 <head>
  <title>
</title>
<meta http-equiv="Content-Type" content="text/html;charset=utf-8" />
  <meta name='ocr-system' content='tesseract 3.04.00' />
  <meta name='ocr-capabilities' content='ocr_page ocr_carea ocr_par ocr_line ocrx_word'/>
</head>
<body>
  <div class='ocr_page' id='page_1' title='image "./epistles00horauoft_0027.png"; bbox 0 0 1701 2605; ppageno 0'>
   <div class='ocr_carea' id='block_1_1' title="bbox 148 120 997 176">
    <p class='ocr_par' dir='ltr' id='par_1_1' title="bbox 148 120 997 176">
     <span class='ocr_line' id='line_1_1' title="bbox 148 120 997 176; baseline -0.001 -16"><span class='ocrx_word' id='word_1_1' title='bbox 148 135 224 171; x_wconf 89' lang='lat'>111.‚</span> <span class='ocrx_word' id='word_1_2' title='bbox 242 120 314 176; x_wconf 60' lang='grc' dir='ltr'>ηπ]</span> <span class='ocrx_word' id='word_1_3' title='bbox 615 133 805 168; x_wconf 77' lang='lat' dir='ltr'>EPISTLES,</span> <span class='ocrx_word' id='word_1_4' title='bbox 837 134 941 160; x_wconf 79' lang='lat' dir='ltr'>BOOK</span> <span class='ocrx_word' id='word_1_5' title='bbox 970 133 997 160; x_wconf 88' lang='lat'>1.</span> 
     </span>
    </p>
   </div>
   <div class='ocr_carea' id='block_1_2' title="bbox 144 225 1238 584">
    <p class='ocr_par' dir='ltr' id='par_1_2' title="bbox 146 225 1108 398">
     <span class='ocr_line' id='line_1_2' title="bbox 147 225 1108 273; baseline -0.002 -8"><span class='ocrx_word' id='word_1_6' title='bbox 147 226 251 273; x_wconf 83' lang='lat' dir='ltr'><strong>Quid</strong></span> <span class='ocrx_word' id='word_1_7' title='bbox 268 227 396 265; x_wconf 85' lang='lat' dir='ltr'>Titius</span> <span class='ocrx_word' id='word_1_8' title='bbox 413 227 597 265; x_wconf 83' lang='lat' dir='ltr'>Romana</span> <span class='ocrx_word' id='word_1_9' title='bbox 615 225 726 264; x_wconf 90' lang='lat' dir='ltr'>brevi</span> <span class='ocrx_word' id='word_1_10' title='bbox 742 230 936 263; x_wconf 87' lang='lat' dir='ltr'>venturus</span> <span class='ocrx_word' id='word_1_11' title='bbox 953 227 995 263; x_wconf 93' lang='lat' dir='ltr'>in</span> <span class='ocrx_word' id='word_1_12' title='bbox 1014 227 1108 264; x_wconf 77' lang='lat' dir='ltr'>ora&#39;l</span> 
     </span>
     <span class='ocr_line' id='line_1_3' title="bbox 147 287 1076 338; baseline -0.003 -11"><span class='ocrx_word' id='word_1_13' title='bbox 147 288 345 327; x_wconf 86' lang='lat' dir='ltr'>Pindarici</span> <span class='ocrx_word' id='word_1_14' title='bbox 360 287 484 326; x_wconf 80' lang='lat' dir='ltr'>fontis</span> <span class='ocrx_word' id='word_1_15' title='bbox 501 287 570 338; x_wconf 91' lang='lat' dir='ltr'>qui</span> <span class='ocrx_word' id='word_1_16' title='bbox 588 301 668 325; x_wconf 92' lang='lat' dir='ltr'>non</span> <span class='ocrx_word' id='word_1_17' title='bbox 686 288 881 337; x_wconf 82' lang='lat' dir='ltr'>expalluit</span> <span class='ocrx_word' id='word_1_18' title='bbox 900 288 1076 335; x_wconf 85' lang='lat' dir='ltr'>haustus,</span> 
     </span>
     <span class='ocr_line' id='line_1_4' title="bbox 146 350 969 398; baseline -0.001 -10"><span class='ocrx_word' id='word_1_19' title='bbox 146 350 340 389; x_wconf 70' lang='lat' dir='ltr'>Fastidire</span> <span class='ocrx_word' id='word_1_20' title='bbox 357 350 465 388; x_wconf 84' lang='lat' dir='ltr'>lacus</span> <span class='ocrx_word' id='word_1_21' title='bbox 483 353 524 388; x_wconf 86' lang='lat' dir='ltr'>et</span> <span class='ocrx_word' id='word_1_22' title='bbox 542 350 648 387; x_wconf 87' lang='lat' dir='ltr'>rivos</span> <span class='ocrx_word' id='word_1_23' title='bbox 665 361 784 386; x_wconf 83' lang='lat' dir='ltr'>ausus</span> <span class='ocrx_word' id='word_1_24' title='bbox 802 352 969 398; x_wconf 84' lang='lat' dir='ltr'>apertos.</span> 
     </span>
    </p>

    <p class='ocr_par' dir='ltr' id='par_1_3' title="bbox 145 408 1238 522">
     <span class='ocr_line' id='line_1_5' title="bbox 145 408 1238 450; baseline -0.005 0"><span class='ocrx_word' id='word_1_25' title='bbox 145 412 208 450; x_wconf 87' lang='lat' dir='ltr'>Ut</span> <span class='ocrx_word' id='word_1_26' title='bbox 220 412 354 449; x_wconf 69' lang='lat' dir='ltr'>valet&#39;l</span> <span class='ocrx_word' id='word_1_27' title='bbox 382 415 429 449; x_wconf 92' lang='lat' dir='ltr'>ut</span> <span class='ocrx_word' id='word_1_28' title='bbox 447 410 628 448; x_wconf 86' lang='lat' dir='ltr'>meminit</span> <span class='ocrx_word' id='word_1_29' title='bbox 646 410 795 447; x_wconf 67' lang='lat' dir='ltr'>nostri?</span> <span class='ocrx_word' id='word_1_30' title='bbox 852 409 1064 446; x_wconf 87' lang='lat' dir='ltr'>Fidibusne</span> <span class='ocrx_word' id='word_1_31' title='bbox 1084 408 1238 445; x_wconf 82' lang='lat' dir='ltr'>Latinis</span> 
     </span>
     <span class='ocr_line' id='line_1_6' title="bbox 145 469 1130 522; baseline -0.006 -11"><span class='ocrx_word' id='word_1_32' title='bbox 145 472 350 511; x_wconf 83' lang='lat' dir='ltr'>Thebanos</span> <span class='ocrx_word' id='word_1_33' title='bbox 368 475 507 522; x_wconf 87' lang='lat' dir='ltr'>aptare</span> <span class='ocrx_word' id='word_1_34' title='bbox 526 471 656 509; x_wconf 88' lang='lat' dir='ltr'>modos</span> <span class='ocrx_word' id='word_1_35' title='bbox 675 470 807 508; x_wconf 85' lang='lat' dir='ltr'>studet</span> <span class='ocrx_word' id='word_1_36' title='bbox 825 470 982 520; x_wconf 81' lang='lat' dir='ltr'>auspice</span> <span class='ocrx_word' id='word_1_37' title='bbox 1003 469 1130 515; x_wconf 77' lang='lat' dir='ltr'>Musa,</span> 
     </span>
    </p>

    <p class='ocr_par' dir='ltr' id='par_1_4' title="bbox 144 531 1095 584">
     <span class='ocr_line' id='line_1_7' title="bbox 144 531 1095 584; baseline -0.004 -13"><span class='ocrx_word' id='word_1_38' title='bbox 144 534 214 571; x_wconf 89' lang='lat' dir='ltr'>An</span> <span class='ocrx_word' id='word_1_39' title='bbox 230 533 384 584; x_wconf 86' lang='lat' dir='ltr'>tragica</span> <span class='ocrx_word' id='word_1_40' title='bbox 402 533 577 571; x_wconf 88' lang='lat' dir='ltr'>desaevit</span> <span class='ocrx_word' id='word_1_41' title='bbox 595 536 637 570; x_wconf 86' lang='lat' dir='ltr'>et</span> <span class='ocrx_word' id='word_1_42' title='bbox 655 531 902 581; x_wconf 69' lang='lat' dir='ltr'>ampullatur</span> <span class='ocrx_word' id='word_1_43' title='bbox 920 531 963 568; x_wconf 91' lang='lat' dir='ltr'>in</span> <span class='ocrx_word' id='word_1_44' title='bbox 982 533 1095 568; x_wconf 71' lang='lat' dir='ltr'>arte&#39;l</span> 
     </span>
    </p>
   </div>
   <div class='ocr_carea' id='block_1_3' title="bbox 105 591 1350 644">
    <p class='ocr_par' dir='ltr' id='par_1_5' title="bbox 105 591 1350 644">
     <span class='ocr_line' id='line_1_8' title="bbox 105 591 1350 644; baseline 0.018 -18"><span class='ocrx_word' id='word_1_45' title='bbox 105 596 110 597; x_wconf 51' lang='lat'><em>⁷</em></span> <span class='ocrx_word' id='word_1_46' title='bbox 134 591 362 641; x_wconf 57' lang='lat' dir='ltr'>&#39;Qfifflffii</span> <span class='ocrx_word' id='word_1_47' title='bbox 381 594 517 633; x_wconf 83' lang='lat' dir='ltr'>Celsus</span> <span class='ocrx_word' id='word_1_48' title='bbox 535 594 647 644; x_wconf 57' lang='lat' dir='ltr'>agit?</span> <span class='ocrx_word' id='word_1_49' title='bbox 676 593 849 630; x_wconf 92' lang='lat' dir='ltr'>monitus</span> <span class='ocrx_word' id='word_1_50' title='bbox 867 593 1116 641; x_wconf 72' lang='lat' dir='ltr'>multumque</span> <span class='ocrx_word' id='word_1_51' title='bbox 1134 591 1350 628; x_wconf 67' lang='lat' dir='ltr'>monendus</span> 
     </span>
    </p>
   </div>
   <div class='ocr_carea' id='block_1_4' title="bbox 144 654 1310 1920">
    <p class='ocr_par' dir='ltr' id='par_1_6' title="bbox 144 654 1174 828">
     <span class='ocr_line' id='line_1_9' title="bbox 145 654 1052 706; baseline -0.004 -12"><span class='ocrx_word' id='word_1_52' title='bbox 145 656 329 702; x_wconf 84' lang='lat' dir='ltr'>Privatas</span> <span class='ocrx_word' id='word_1_53' title='bbox 347 659 393 693; x_wconf 85' lang='lat' dir='ltr'>ut</span> <span class='ocrx_word' id='word_1_54' title='bbox 412 660 580 706; x_wconf 86' lang='lat' dir='ltr'>quaerat</span> <span class='ocrx_word' id='word_1_55' title='bbox 599 667 689 705; x_wconf 88' lang='lat' dir='ltr'>opes</span> <span class='ocrx_word' id='word_1_56' title='bbox 707 658 748 692; x_wconf 87' lang='lat' dir='ltr'>et</span> <span class='ocrx_word' id='word_1_57' title='bbox 766 658 932 703; x_wconf 86' lang='lat' dir='ltr'>tangere</span> <span class='ocrx_word' id='word_1_58' title='bbox 950 654 1052 690; x_wconf 88' lang='lat' dir='ltr'>vitet</span> 
     </span>
     <span class='ocr_line' id='line_1_10' title="bbox 146 714 1174 768; baseline -0.005 -13"><span class='ocrx_word' id='word_1_59' title='bbox 146 716 314 768; x_wconf 75' lang='lat' dir='ltr'>Scripta,</span> <span class='ocrx_word' id='word_1_60' title='bbox 335 717 546 754; x_wconf 84' lang='lat' dir='ltr'>Palatinus</span> <span class='ocrx_word' id='word_1_61' title='bbox 563 727 832 766; x_wconf 89' lang='lat' dir='ltr'>quaecumque</span> <span class='ocrx_word' id='word_1_62' title='bbox 850 715 998 764; x_wconf 87' lang='lat' dir='ltr'>recepit</span> <span class='ocrx_word' id='word_1_63' title='bbox 1016 714 1174 764; x_wconf 88' lang='lat' dir='ltr'>Apollo,</span> 
     </span>
     <span class='ocr_line' id='line_1_11' title="bbox 144 776 1019 828; baseline -0.005 -12"><span class='ocrx_word' id='word_1_64' title='bbox 144 779 219 827; x_wconf 86' lang='lat' dir='ltr'>Ne,</span> <span class='ocrx_word' id='word_1_65' title='bbox 238 779 272 816; x_wconf 89' lang='lat' dir='ltr'>si</span> <span class='ocrx_word' id='word_1_66' title='bbox 288 778 392 816; x_wconf 86' lang='lat' dir='ltr'>forte</span> <span class='ocrx_word' id='word_1_67' title='bbox 409 791 501 816; x_wconf 90' lang='lat' dir='ltr'>suas</span> <span class='ocrx_word' id='word_1_68' title='bbox 518 778 734 828; x_wconf 84' lang='lat' dir='ltr'>repetitum</span> <span class='ocrx_word' id='word_1_69' title='bbox 753 776 907 813; x_wconf 86' lang='lat' dir='ltr'>venerit</span> <span class='ocrx_word' id='word_1_70' title='bbox 926 776 1019 813; x_wconf 90' lang='lat' dir='ltr'>olim</span> 
     </span>
    </p>

    <p class='ocr_par' dir='ltr' id='par_1_7' title="bbox 145 836 1310 1381">
     <span class='ocr_line' id='line_1_12' title="bbox 145 836 1133 890; baseline -0.006 -12"><span class='ocrx_word' id='word_1_71' title='bbox 145 840 251 878; x_wconf 80' lang='lat' dir='ltr'>Grex</span> <span class='ocrx_word' id='word_1_72' title='bbox 269 840 404 878; x_wconf 89' lang='lat' dir='ltr'>avium</span> <span class='ocrx_word' id='word_1_73' title='bbox 423 840 592 890; x_wconf 88' lang='lat' dir='ltr'>plumas,</span> <span class='ocrx_word' id='word_1_74' title='bbox 613 842 772 876; x_wconf 88' lang='lat' dir='ltr'>moveat</span> <span class='ocrx_word' id='word_1_75' title='bbox 790 836 990 875; x_wconf 87' lang='lat' dir='ltr'>cornicula</span> <span class='ocrx_word' id='word_1_76' title='bbox 1010 836 1133 873; x_wconf 85' lang='lat' dir='ltr'>risum</span> 
     </span>
     <span class='ocr_line' id='line_1_13' title="bbox 145 898 1142 949; baseline -0.007 -9"><span class='ocrx_word' id='word_1_77' title='bbox 145 902 320 940; x_wconf 76' lang='lat' dir='ltr'>Furtivis</span> <span class='ocrx_word' id='word_1_78' title='bbox 339 901 493 940; x_wconf 88' lang='lat' dir='ltr'>nudata</span> <span class='ocrx_word' id='word_1_79' title='bbox 513 900 715 938; x_wconf 89' lang='lat' dir='ltr'>coloribus.</span> <span class='ocrx_word' id='word_1_80' title='bbox 773 900 865 949; x_wconf 86' lang='lat' dir='ltr'>Ipse</span> <span class='ocrx_word' id='word_1_81' title='bbox 884 899 977 948; x_wconf 90' lang='lat' dir='ltr'>quid</span> <span class='ocrx_word' id='word_1_82' title='bbox 998 898 1142 934; x_wconf 74' lang='lat' dir='ltr'>audes?</span> 
     </span>
     <span class='ocr_line' id='line_1_14' title="bbox 145 958 1310 1011; baseline -0.006 -10"><span class='ocrx_word' id='word_1_83' title='bbox 145 963 256 1009; x_wconf 82' lang='lat' dir='ltr'>Quae</span> <span class='ocrx_word' id='word_1_84' title='bbox 273 961 564 1001; x_wconf 83' lang='lat' dir='ltr'>circumvolitas</span> <span class='ocrx_word' id='word_1_85' title='bbox 582 961 699 1011; x_wconf 83' lang='lat' dir='ltr'>agilis</span> <span class='ocrx_word' id='word_1_86' title='bbox 716 960 885 1009; x_wconf 67' lang='lat' dir='ltr'>thyma‘e</span> <span class='ocrx_word' id='word_1_87' title='bbox 939 959 1030 997; x_wconf 89' lang='lat' dir='ltr'>Non</span> <span class='ocrx_word' id='word_1_88' title='bbox 1049 958 1123 995; x_wconf 89' lang='lat' dir='ltr'>tibi</span> <span class='ocrx_word' id='word_1_89' title='bbox 1143 970 1310 1007; x_wconf 87' lang='lat' dir='ltr'>parvum</span> 
     </span>
     <span class='ocr_line' id='line_1_15' title="bbox 145 1019 1172 1075; baseline -0.006 -13"><span class='ocrx_word' id='word_1_90' title='bbox 145 1024 370 1075; x_wconf 85' lang='lat' dir='ltr'>Ingenium,</span> <span class='ocrx_word' id='word_1_91' title='bbox 391 1036 471 1061; x_wconf 91' lang='lat' dir='ltr'>non</span> <span class='ocrx_word' id='word_1_92' title='bbox 488 1023 723 1060; x_wconf 90' lang='lat' dir='ltr'>incultumst</span> <span class='ocrx_word' id='word_1_93' title='bbox 742 1025 782 1059; x_wconf 90' lang='lat' dir='ltr'>et</span> <span class='ocrx_word' id='word_1_94' title='bbox 802 1020 976 1071; x_wconf 81' lang='lat' dir='ltr'>turpiter</span> <span class='ocrx_word' id='word_1_95' title='bbox 995 1019 1172 1057; x_wconf 79' lang='lat' dir='ltr'>hirtum:</span> 
     </span>
     <span class='ocr_line' id='line_1_16' title="bbox 147 1082 1029 1136; baseline -0.007 -12"><span class='ocrx_word' id='word_1_96' title='bbox 147 1087 224 1124; x_wconf 83' lang='lat' dir='ltr'>Seu</span> <span class='ocrx_word' id='word_1_97' title='bbox 242 1086 421 1136; x_wconf 87' lang='lat' dir='ltr'>linguam</span> <span class='ocrx_word' id='word_1_98' title='bbox 439 1084 566 1122; x_wconf 87' lang='lat' dir='ltr'>causis</span> <span class='ocrx_word' id='word_1_99' title='bbox 585 1083 693 1121; x_wconf 86' lang='lat' dir='ltr'>acuis</span> <span class='ocrx_word' id='word_1_100' title='bbox 712 1096 779 1121; x_wconf 85' lang='lat' dir='ltr'>seu</span> <span class='ocrx_word' id='word_1_101' title='bbox 799 1082 921 1120; x_wconf 84' lang='lat' dir='ltr'>civica</span> <span class='ocrx_word' id='word_1_102' title='bbox 940 1082 1029 1119; x_wconf 89' lang='lat' dir='ltr'>iura</span> 
     </span>
     <span class='ocr_line' id='line_1_17' title="bbox 147 1143 1152 1197; baseline -0.008 -12"><span class='ocrx_word' id='word_1_103' title='bbox 147 1147 397 1197; x_wconf 77' lang='lat' dir='ltr'>Respondete</span> <span class='ocrx_word' id='word_1_104' title='bbox 416 1159 535 1196; x_wconf 87' lang='lat' dir='ltr'>paras</span> <span class='ocrx_word' id='word_1_105' title='bbox 554 1158 621 1183; x_wconf 87' lang='lat' dir='ltr'>seu</span> <span class='ocrx_word' id='word_1_106' title='bbox 640 1144 772 1182; x_wconf 83' lang='lat' dir='ltr'>condis</span> <span class='ocrx_word' id='word_1_107' title='bbox 791 1143 960 1180; x_wconf 85' lang='lat' dir='ltr'>amabile</span> <span class='ocrx_word' id='word_1_108' title='bbox 980 1154 1152 1187; x_wconf 88' lang='lat' dir='ltr'>carmen,</span> 
     </span>
     <span class='ocr_line' id='line_1_18' title="bbox 145 1202 1180 1255; baseline -0.008 -9"><span class='ocrx_word' id='word_1_109' title='bbox 145 1209 282 1247; x_wconf 87' lang='lat' dir='ltr'>Prima</span> <span class='ocrx_word' id='word_1_110' title='bbox 299 1207 402 1246; x_wconf 86' lang='lat' dir='ltr'>feres</span> <span class='ocrx_word' id='word_1_111' title='bbox 419 1208 587 1245; x_wconf 84' lang='lat' dir='ltr'>hederae</span> <span class='ocrx_word' id='word_1_112' title='bbox 606 1206 776 1244; x_wconf 87' lang='lat' dir='ltr'>victricis</span> <span class='ocrx_word' id='word_1_113' title='bbox 794 1205 981 1255; x_wconf 85' lang='lat' dir='ltr'>praemia.</span> <span class='ocrx_word' id='word_1_114' title='bbox 1038 1202 1180 1248; x_wconf 80' lang='lat' dir='ltr'>Quodsi</span> 
     </span>
     <span class='ocr_line' id='line_1_19' title="bbox 149 1267 1115 1321; baseline -0.007 -13"><span class='ocrx_word' id='word_1_115' title='bbox 149 1269 308 1321; x_wconf 83' lang='lat' dir='ltr'>Frigida</span> <span class='ocrx_word' id='word_1_116' title='bbox 326 1282 513 1307; x_wconf 89' lang='lat' dir='ltr'>curarum</span> <span class='ocrx_word' id='word_1_117' title='bbox 531 1269 708 1306; x_wconf 79' lang='lat' dir='ltr'>fomenta</span> <span class='ocrx_word' id='word_1_118' title='bbox 726 1267 947 1316; x_wconf 88' lang='lat' dir='ltr'>relinquere</span> <span class='ocrx_word' id='word_1_119' title='bbox 964 1276 1092 1315; x_wconf 87' lang='lat' dir='ltr'>posses</span> <span class='ocrx_word' id='word_1_120' title='bbox 1108 1277 1115 1300; x_wconf 92' lang='lat'>:</span> 
     </span>
     <span class='ocr_line' id='line_1_20' title="bbox 147 1328 995 1381; baseline -0.005 -12"><span class='ocrx_word' id='word_1_121' title='bbox 147 1332 233 1378; x_wconf 82' lang='lat' dir='ltr'>Quo</span> <span class='ocrx_word' id='word_1_122' title='bbox 251 1335 293 1369; x_wconf 88' lang='lat' dir='ltr'>te</span> <span class='ocrx_word' id='word_1_123' title='bbox 311 1331 489 1369; x_wconf 86' lang='lat' dir='ltr'>caelestis</span> <span class='ocrx_word' id='word_1_124' title='bbox 505 1330 701 1381; x_wconf 85' lang='lat' dir='ltr'>sapientia</span> <span class='ocrx_word' id='word_1_125' title='bbox 719 1330 889 1376; x_wconf 88' lang='lat' dir='ltr'>duceret,</span> <span class='ocrx_word' id='word_1_126' title='bbox 909 1328 995 1366; x_wconf 86' lang='lat' dir='ltr'>ires.</span> 
     </span>
    </p>

    <p class='ocr_par' dir='ltr' id='par_1_8' title="bbox 147 1386 1264 1505">
     <span class='ocr_line' id='line_1_21' title="bbox 147 1386 1264 1442; baseline -0.008 -11"><span class='ocrx_word' id='word_1_127' title='bbox 147 1394 235 1431; x_wconf 89' lang='lat' dir='ltr'>Hoc</span> <span class='ocrx_word' id='word_1_128' title='bbox 253 1405 360 1442; x_wconf 88' lang='lat' dir='ltr'>opus,</span> <span class='ocrx_word' id='word_1_129' title='bbox 382 1392 454 1430; x_wconf 91' lang='lat' dir='ltr'>hoc</span> <span class='ocrx_word' id='word_1_130' title='bbox 471 1392 647 1430; x_wconf 89' lang='lat' dir='ltr'>studium</span> <span class='ocrx_word' id='word_1_131' title='bbox 666 1392 781 1441; x_wconf 85' lang='lat' dir='ltr'>parvi</span> <span class='ocrx_word' id='word_1_132' title='bbox 799 1401 1051 1441; x_wconf 80' lang='lat' dir='ltr'>properemus</span> <span class='ocrx_word' id='word_1_133' title='bbox 1070 1392 1111 1424; x_wconf 88' lang='lat' dir='ltr'>et</span> <span class='ocrx_word' id='word_1_134' title='bbox 1131 1386 1264 1435; x_wconf 82' lang='lat' dir='ltr'>ampli,</span> 
     </span>
     <span class='ocr_line' id='line_1_22' title="bbox 148 1452 1018 1505; baseline -0.007 -12"><span class='ocrx_word' id='word_1_135' title='bbox 148 1455 190 1493; x_wconf 79' lang='lat' dir='ltr'>Si</span> <span class='ocrx_word' id='word_1_136' title='bbox 208 1455 363 1505; x_wconf 84' lang='lat' dir='ltr'>patriae</span> <span class='ocrx_word' id='word_1_137' title='bbox 381 1455 573 1501; x_wconf 86' lang='lat' dir='ltr'>volumus,</span> <span class='ocrx_word' id='word_1_138' title='bbox 593 1454 627 1491; x_wconf 87' lang='lat' dir='ltr'>si</span> <span class='ocrx_word' id='word_1_139' title='bbox 646 1453 758 1491; x_wconf 89' lang='lat' dir='ltr'>nobis</span> <span class='ocrx_word' id='word_1_140' title='bbox 778 1454 908 1490; x_wconf 88' lang='lat' dir='ltr'>vivere</span> <span class='ocrx_word' id='word_1_141' title='bbox 927 1452 1018 1488; x_wconf 85' lang='lat' dir='ltr'>cari.</span> 
     </span>
    </p>

    <p class='ocr_par' dir='ltr' id='par_1_9' title="bbox 146 1513 1188 1920">
     <span class='ocr_line' id='line_1_23' title="bbox 147 1513 1062 1560; baseline -0.007 -6"><span class='ocrx_word' id='word_1_142' title='bbox 147 1516 276 1554; x_wconf 86' lang='lat' dir='ltr'>Debes</span> <span class='ocrx_word' id='word_1_143' title='bbox 294 1515 366 1553; x_wconf 87' lang='lat' dir='ltr'>hoc</span> <span class='ocrx_word' id='word_1_144' title='bbox 384 1515 506 1553; x_wconf 89' lang='lat' dir='ltr'>etiam</span> <span class='ocrx_word' id='word_1_145' title='bbox 526 1515 748 1560; x_wconf 82' lang='lat' dir='ltr'>rescribere,</span> <span class='ocrx_word' id='word_1_146' title='bbox 769 1514 820 1551; x_wconf 89' lang='lat' dir='ltr'>sit</span> <span class='ocrx_word' id='word_1_147' title='bbox 840 1513 913 1550; x_wconf 88' lang='lat' dir='ltr'>tibi</span> <span class='ocrx_word' id='word_1_148' title='bbox 933 1524 1062 1558; x_wconf 86' lang='lat' dir='ltr'>curae,</span> 
     </span>
     <span class='ocr_line' id='line_1_24' title="bbox 146 1572 1188 1623; baseline -0.006 -9"><span class='ocrx_word' id='word_1_149' title='bbox 146 1576 331 1622; x_wconf 82' lang='lat' dir='ltr'>Quantae</span> <span class='ocrx_word' id='word_1_150' title='bbox 349 1575 572 1623; x_wconf 87' lang='lat' dir='ltr'>conveniat,</span> <span class='ocrx_word' id='word_1_151' title='bbox 593 1575 812 1612; x_wconf 85' lang='lat' dir='ltr'>Munatius.</span> <span class='ocrx_word' id='word_1_152' title='bbox 869 1574 936 1611; x_wconf 91' lang='lat' dir='ltr'>An</span> <span class='ocrx_word' id='word_1_153' title='bbox 958 1572 1059 1609; x_wconf 87' lang='lat' dir='ltr'>male</span> <span class='ocrx_word' id='word_1_154' title='bbox 1078 1575 1188 1609; x_wconf 81' lang='lat' dir='ltr'>sarta</span> 
     </span>
     <span class='ocr_line' id='line_1_25' title="bbox 147 1635 1116 1687; baseline -0.005 -13"><span class='ocrx_word' id='word_1_155' title='bbox 147 1637 288 1675; x_wconf 83' lang='lat' dir='ltr'>Gratia</span> <span class='ocrx_word' id='word_1_156' title='bbox 307 1637 547 1687; x_wconf 87' lang='lat' dir='ltr'>nequiquam</span> <span class='ocrx_word' id='word_1_157' title='bbox 566 1637 642 1674; x_wconf 91' lang='lat' dir='ltr'>coit</span> <span class='ocrx_word' id='word_1_158' title='bbox 661 1640 702 1674; x_wconf 88' lang='lat' dir='ltr'>et</span> <span class='ocrx_word' id='word_1_159' title='bbox 719 1635 964 1680; x_wconf 79' lang='lat' dir='ltr'>rescinditur,</span> <span class='ocrx_word' id='word_1_160' title='bbox 986 1646 1032 1670; x_wconf 88' lang='lat' dir='ltr'>ac</span> <span class='ocrx_word' id='word_1_161' title='bbox 1050 1646 1116 1670; x_wconf 81' lang='lat' dir='ltr'>vos</span> 
     </span>
     <span class='ocr_line' id='line_1_26' title="bbox 148 1695 1121 1748; baseline -0.006 -12"><span class='ocrx_word' id='word_1_162' title='bbox 148 1698 224 1736; x_wconf 82' lang='lat' dir='ltr'>Seu</span> <span class='ocrx_word' id='word_1_163' title='bbox 243 1698 391 1736; x_wconf 89' lang='lat' dir='ltr'>calidus</span> <span class='ocrx_word' id='word_1_164' title='bbox 408 1698 569 1748; x_wconf 84' lang='lat' dir='ltr'>sanguis</span> <span class='ocrx_word' id='word_1_165' title='bbox 588 1710 655 1735; x_wconf 83' lang='lat' dir='ltr'>seu</span> <span class='ocrx_word' id='word_1_166' title='bbox 674 1710 808 1735; x_wconf 87' lang='lat' dir='ltr'>rerum</span> <span class='ocrx_word' id='word_1_167' title='bbox 827 1695 985 1733; x_wconf 87' lang='lat' dir='ltr'>inscitia</span> <span class='ocrx_word' id='word_1_168' title='bbox 1002 1698 1121 1731; x_wconf 77' lang='lat' dir='ltr'>vexat</span> 
     </span>
     <span class='ocr_line' id='line_1_27' title="bbox 147 1756 1162 1806; baseline -0.007 -8"><span class='ocrx_word' id='word_1_169' title='bbox 147 1760 350 1798; x_wconf 90' lang='lat' dir='ltr'>Indomita</span> <span class='ocrx_word' id='word_1_170' title='bbox 368 1759 518 1798; x_wconf 88' lang='lat' dir='ltr'>cervice</span> <span class='ocrx_word' id='word_1_171' title='bbox 536 1759 665 1797; x_wconf 64' lang='lat' dir='ltr'>feros?</span> <span class='ocrx_word' id='word_1_172' title='bbox 721 1759 970 1806; x_wconf 89' lang='lat' dir='ltr'>Ubicumque</span> <span class='ocrx_word' id='word_1_173' title='bbox 989 1756 1162 1793; x_wconf 87' lang='lat' dir='ltr'>locorum</span> 
     </span>
     <span class='ocr_line' id='line_1_28' title="bbox 146 1816 1091 1870; baseline -0.006 -12"><span class='ocrx_word' id='word_1_174' title='bbox 146 1821 307 1868; x_wconf 84' lang='lat' dir='ltr'>Vivitis,</span> <span class='ocrx_word' id='word_1_175' title='bbox 328 1821 479 1870; x_wconf 87' lang='lat' dir='ltr'>indigni</span> <span class='ocrx_word' id='word_1_176' title='bbox 500 1820 726 1858; x_wconf 84' lang='lat' dir='ltr'>fraternum</span> <span class='ocrx_word' id='word_1_177' title='bbox 746 1831 926 1869; x_wconf 86' lang='lat' dir='ltr'>rumpere</span> <span class='ocrx_word' id='word_1_178' title='bbox 946 1816 1091 1861; x_wconf 79' lang='lat' dir='ltr'>foedus,</span> 
     </span>
     <span class='ocr_line' id='line_1_29' title="bbox 148 1879 1121 1920; baseline -0.005 -1"><span class='ocrx_word' id='word_1_179' title='bbox 148 1882 328 1920; x_wconf 88' lang='lat' dir='ltr'>Pascitur</span> <span class='ocrx_word' id='word_1_180' title='bbox 346 1882 389 1919; x_wconf 90' lang='lat' dir='ltr'>in</span> <span class='ocrx_word' id='word_1_181' title='bbox 408 1885 584 1920; x_wconf 88' lang='lat' dir='ltr'>vestrum</span> <span class='ocrx_word' id='word_1_182' title='bbox 604 1881 775 1919; x_wconf 85' lang='lat' dir='ltr'>reditum</span> <span class='ocrx_word' id='word_1_183' title='bbox 795 1880 927 1918; x_wconf 89' lang='lat' dir='ltr'>votiva</span> <span class='ocrx_word' id='word_1_184' title='bbox 945 1879 1121 1916; x_wconf 77' lang='lat' dir='ltr'>iuvenca.</span> 
     </span>
    </p>
   </div>
   <div class='ocr_carea' id='block_1_5' title="bbox 770 2098 844 2136">
    <p class='ocr_par' dir='ltr' id='par_1_10' title="bbox 770 2098 844 2136">
     <span class='ocr_line' id='line_1_30' title="bbox 770 2098 844 2136; baseline -0.027 0"><span class='ocrx_word' id='word_1_185' title='bbox 770 2098 844 2136; x_wconf 91' lang='lat' dir='ltr'>IV.</span> 
     </span>
    </p>
   </div>
   <div class='ocr_carea' id='block_1_6' title="bbox 149 2178 1186 2354">
    <p class='ocr_par' dir='ltr' id='par_1_11' title="bbox 149 2178 1186 2354">
     <span class='ocr_line' id='line_1_31' title="bbox 150 2178 1088 2230; baseline -0.005 -11"><span class='ocrx_word' id='word_1_186' title='bbox 150 2182 270 2230; x_wconf 76' lang='lat' dir='ltr'>ALBI,</span> <span class='ocrx_word' id='word_1_187' title='bbox 292 2185 515 2220; x_wconf 85' lang='lat' dir='ltr'>nostrorum</span> <span class='ocrx_word' id='word_1_188' title='bbox 537 2192 757 2218; x_wconf 79' lang='lat' dir='ltr'>sermonum</span> <span class='ocrx_word' id='word_1_189' title='bbox 781 2179 941 2215; x_wconf 67' lang='lat' dir='ltr'>candido</span> <span class='ocrx_word' id='word_1_190' title='bbox 962 2178 1088 2220; x_wconf 80' lang='lat' dir='ltr'>iudex.</span> 
     </span>
     <span class='ocr_line' id='line_1_32' title="bbox 149 2238 1177 2288; baseline -0.004 -9"><span class='ocrx_word' id='word_1_191' title='bbox 149 2242 252 2287; x_wconf 87' lang='lat' dir='ltr'>Quid</span> <span class='ocrx_word' id='word_1_192' title='bbox 271 2256 377 2281; x_wconf 89' lang='lat' dir='ltr'>nunc</span> <span class='ocrx_word' id='word_1_193' title='bbox 398 2247 437 2281; x_wconf 88' lang='lat' dir='ltr'>te</span> <span class='ocrx_word' id='word_1_194' title='bbox 456 2243 582 2280; x_wconf 88' lang='lat' dir='ltr'>dicam</span> <span class='ocrx_word' id='word_1_195' title='bbox 605 2242 734 2278; x_wconf 84' lang='lat' dir='ltr'>facere</span> <span class='ocrx_word' id='word_1_196' title='bbox 753 2240 793 2276; x_wconf 87' lang='lat' dir='ltr'>in</span> <span class='ocrx_word' id='word_1_197' title='bbox 814 2239 970 2288; x_wconf 79' lang='lat' dir='ltr'>regione</span> <span class='ocrx_word' id='word_1_198' title='bbox 992 2238 1177 2275; x_wconf 70' lang='lat' dir='ltr'>Pedana?</span> 
     </span>
     <span class='ocr_line' id='line_1_33' title="bbox 149 2299 1186 2354; baseline -0.007 -13"><span class='ocrx_word' id='word_1_199' title='bbox 149 2303 327 2343; x_wconf 77' lang='lat' dir='ltr'>Scribere</span> <span class='ocrx_word' id='word_1_200' title='bbox 347 2304 449 2354; x_wconf 87' lang='lat' dir='ltr'>quod</span> <span class='ocrx_word' id='word_1_201' title='bbox 469 2304 577 2342; x_wconf 72' lang='lat' dir='ltr'>Cassi</span> <span class='ocrx_word' id='word_1_202' title='bbox 598 2302 819 2340; x_wconf 65' lang='lat' dir='ltr'>Parmensis</span> <span class='ocrx_word' id='word_1_203' title='bbox 839 2300 1021 2350; x_wconf 62' lang='lat' dir='ltr'>opuscula</span> <span class='ocrx_word' id='word_1_204' title='bbox 1043 2299 1186 2343; x_wconf 66' lang='lat' dir='ltr'>vincat,</span> 
     </span>
    </p>
   </div>
   <div class='ocr_carea' id='block_1_7' title="bbox 1416 127 1463 162">
    <p class='ocr_par' dir='ltr' id='par_1_12' title="bbox 1416 127 1463 162">
     <span class='ocr_line' id='line_1_34' title="bbox 1416 127 1463 162; baseline 0 0"><span class='ocrx_word' id='word_1_205' title='bbox 1416 127 1463 162; x_wconf 87' lang='lat'>23</span> 
     </span>
    </p>
   </div>
   <div class='ocr_carea' id='block_1_8' title="bbox 1417 302 1462 327">
    <p class='ocr_par' dir='ltr' id='par_1_13' title="bbox 1417 302 1462 327">
     <span class='ocr_line' id='line_1_35' title="bbox 1417 302 1462 327; baseline -0.022 0"><span class='ocrx_word' id='word_1_206' title='bbox 1417 302 1462 327; x_wconf 84' lang='lat'>10</span> 
     </span>
    </p>
   </div>
   <div class='ocr_carea' id='block_1_9' title="bbox 1423 605 1462 641">
    <p class='ocr_par' dir='ltr' id='par_1_14' title="bbox 1423 605 1462 641">
     <span class='ocr_line' id='line_1_36' title="bbox 1423 605 1462 641; baseline 0 0"><span class='ocrx_word' id='word_1_207' title='bbox 1423 605 1462 641; x_wconf 81' lang='lat'>15</span> 
     </span>
    </p>
   </div>
   <div class='ocr_carea' id='block_1_10' title="bbox 1420 911 1468 935">
    <p class='ocr_par' dir='ltr' id='par_1_15' title="bbox 1420 911 1468 935">
     <span class='ocr_line' id='line_1_37' title="bbox 1420 911 1468 935; baseline -0.021 0"><span class='ocrx_word' id='word_1_208' title='bbox 1420 911 1468 935; x_wconf 90' lang='lat'>20</span> 
     </span>
    </p>
   </div>
   <div class='ocr_carea' id='block_1_11' title="bbox 1421 1213 1466 1250">
    <p class='ocr_par' dir='ltr' id='par_1_16' title="bbox 1421 1213 1466 1250">
     <span class='ocr_line' id='line_1_38' title="bbox 1421 1213 1466 1250; baseline 0 0"><span class='ocrx_word' id='word_1_209' title='bbox 1421 1213 1466 1250; x_wconf 89' lang='lat'>²5</span> 
     </span>
    </p>
   </div>
   <div class='ocr_carea' id='block_1_12' title="bbox 1421 1520 1469 1556">
    <p class='ocr_par' dir='ltr' id='par_1_17' title="bbox 1421 1520 1469 1556">
     <span class='ocr_line' id='line_1_39' title="bbox 1421 1520 1469 1556; baseline 0 -12"><span class='ocrx_word' id='word_1_210' title='bbox 1421 1520 1469 1556; x_wconf 76' lang='lat'>30</span> 
     </span>
    </p>
   </div>
   <div class='ocr_carea' id='block_1_13' title="bbox 1420 1824 1467 1862">
    <p class='ocr_par' dir='ltr' id='par_1_18' title="bbox 1420 1824 1467 1862">
     <span class='ocr_line' id='line_1_40' title="bbox 1420 1824 1467 1862; baseline 0 0"><span class='ocrx_word' id='word_1_211' title='bbox 1420 1824 1467 1862; x_wconf 84' lang='lat'>35</span> 
     </span>
    </p>
   </div>
  </div>
 </body>
</html>
