<?xml version="1.0" encoding="UTF-8"?>
<!DOCTYPE html PUBLIC "-//W3C//DTD XHTML 1.0 Transitional//EN"
    "http://www.w3.org/TR/xhtml1/DTD/xhtml1-transitional.dtd">
<html xmlns="http://www.w3.org/1999/xhtml" xml:lang="en" lang="en">
 <head>
  <title>
</title>
<meta http-equiv="Content-Type" content="text/html;charset=utf-8" />
  <meta name='ocr-system' content='tesseract 3.04.00' />
  <meta name='ocr-capabilities' content='ocr_page ocr_carea ocr_par ocr_line ocrx_word'/>
</head>
<body>
  <div class='ocr_page' id='page_1' title='image "./epistles00horauoft_0025.png"; bbox 0 0 1701 2605; ppageno 0'>
   <div class='ocr_carea' id='block_1_1' title="bbox 165 133 1016 186">
    <p class='ocr_par' dir='ltr' id='par_1_1' title="bbox 165 133 1016 186">
     <span class='ocr_line' id='line_1_1' title="bbox 165 133 1016 186; baseline 0.005 -15"><span class='ocrx_word' id='word_1_1' title='bbox 165 133 232 186; x_wconf 86' lang='lat' dir='ltr'>11.J</span> <span class='ocrx_word' id='word_1_2' title='bbox 632 146 823 183; x_wconf 64' lang='lat' dir='ltr'>nmsrmzs,</span> <span class='ocrx_word' id='word_1_3' title='bbox 856 148 960 175; x_wconf 67' lang='lat' dir='ltr'>Boon</span> <span class='ocrx_word' id='word_1_4' title='bbox 990 151 1016 175; x_wconf 93' lang='lat'>1.</span> 
     </span>
    </p>
   </div>
   <div class='ocr_carea' id='block_1_2' title="bbox 107 236 1277 2382">
    <p class='ocr_par' dir='ltr' id='par_1_2' title="bbox 164 236 1119 410">
     <span class='ocr_line' id='line_1_2' title="bbox 165 236 1119 288; baseline 0.005 -15"><span class='ocrx_word' id='word_1_5' title='bbox 165 236 364 287; x_wconf 82' lang='lat' dir='ltr'><strong>Quidquid</strong></span> <span class='ocrx_word' id='word_1_6' title='bbox 383 236 557 275; x_wconf 89' lang='lat' dir='ltr'>delirant</span> <span class='ocrx_word' id='word_1_7' title='bbox 575 249 697 287; x_wconf 89' lang='lat' dir='ltr'>reges,</span> <span class='ocrx_word' id='word_1_8' title='bbox 717 238 948 288; x_wconf 85' lang='lat' dir='ltr'>plectuntur</span> <span class='ocrx_word' id='word_1_9' title='bbox 965 240 1119 279; x_wconf 89' lang='lat' dir='ltr'>Achivi.</span> 
     </span>
     <span class='ocr_line' id='line_1_3' title="bbox 166 296 1114 349; baseline 0.005 -15"><span class='ocrx_word' id='word_1_10' title='bbox 166 296 376 345; x_wconf 82' lang='lat' dir='ltr'>Seditione,</span> <span class='ocrx_word' id='word_1_11' title='bbox 396 298 504 345; x_wconf 91' lang='lat' dir='ltr'>dolis,</span> <span class='ocrx_word' id='word_1_12' title='bbox 519 298 662 336; x_wconf 83' lang='lat' dir='ltr'>scelere</span> <span class='ocrx_word' id='word_1_13' title='bbox 680 303 802 349; x_wconf 90' lang='lat' dir='ltr'>atque</span> <span class='ocrx_word' id='word_1_14' title='bbox 820 300 982 339; x_wconf 80' lang='lat' dir='ltr'>libidine</span> <span class='ocrx_word' id='word_1_15' title='bbox 1001 305 1041 339; x_wconf 89' lang='lat' dir='ltr'>et</span> <span class='ocrx_word' id='word_1_16' title='bbox 1056 302 1114 339; x_wconf 81' lang='lat' dir='ltr'>ira</span> 
     </span>
     <span class='ocr_line' id='line_1_4' title="bbox 164 358 992 410; baseline 0.005 -14"><span class='ocrx_word' id='word_1_17' title='bbox 164 358 306 396; x_wconf 85' lang='lat' dir='ltr'>Iliacos</span> <span class='ocrx_word' id='word_1_18' title='bbox 323 359 433 397; x_wconf 87' lang='lat' dir='ltr'>intra</span> <span class='ocrx_word' id='word_1_19' title='bbox 453 372 585 397; x_wconf 89' lang='lat' dir='ltr'>muros</span> <span class='ocrx_word' id='word_1_20' title='bbox 605 364 790 410; x_wconf 89' lang='lat' dir='ltr'>peccatur</span> <span class='ocrx_word' id='word_1_21' title='bbox 809 365 850 399; x_wconf 93' lang='lat' dir='ltr'>et</span> <span class='ocrx_word' id='word_1_22' title='bbox 868 368 992 400; x_wconf 80' lang='lat' dir='ltr'>extra.</span> 
     </span>
    </p>

    <p class='ocr_par' dir='ltr' id='par_1_3' title="bbox 163 420 1127 534">
     <span class='ocr_line' id='line_1_5' title="bbox 164 420 1127 474; baseline 0.005 -16"><span class='ocrx_word' id='word_1_23' title='bbox 164 420 329 468; x_wconf 82' lang='lat' dir='ltr'><strong>Rursus,</strong></span> <span class='ocrx_word' id='word_1_24' title='bbox 349 421 444 471; x_wconf 90' lang='lat' dir='ltr'>quid</span> <span class='ocrx_word' id='word_1_25' title='bbox 463 422 592 459; x_wconf 85' lang='lat' dir='ltr'>virtus</span> <span class='ocrx_word' id='word_1_26' title='bbox 611 427 651 459; x_wconf 87' lang='lat' dir='ltr'>et</span> <span class='ocrx_word' id='word_1_27' title='bbox 667 422 761 472; x_wconf 92' lang='lat' dir='ltr'>quid</span> <span class='ocrx_word' id='word_1_28' title='bbox 780 423 975 473; x_wconf 86' lang='lat' dir='ltr'>sapientia</span> <span class='ocrx_word' id='word_1_29' title='bbox 994 424 1127 474; x_wconf 87' lang='lat' dir='ltr'>possit,</span> 
     </span>
     <span class='ocr_line' id='line_1_6' title="bbox 163 482 1037 534; baseline 0.001 -13"><span class='ocrx_word' id='word_1_30' title='bbox 163 482 275 521; x_wconf 90' lang='lat' dir='ltr'>Utile</span> <span class='ocrx_word' id='word_1_31' title='bbox 293 483 497 533; x_wconf 89' lang='lat' dir='ltr'>proposuit</span> <span class='ocrx_word' id='word_1_32' title='bbox 516 483 627 520; x_wconf 91' lang='lat' dir='ltr'>nobis</span> <span class='ocrx_word' id='word_1_33' title='bbox 646 484 846 534; x_wconf 86' lang='lat' dir='ltr'>exemplar</span> <span class='ocrx_word' id='word_1_34' title='bbox 863 485 1037 533; x_wconf 79' lang='lat' dir='ltr'><strong>Ulixem,</strong></span> 
     </span>
    </p>

    <p class='ocr_par' dir='ltr' id='par_1_4' title="bbox 162 544 1156 596">
     <span class='ocr_line' id='line_1_7' title="bbox 162 544 1156 596; baseline 0.004 -15"><span class='ocrx_word' id='word_1_35' title='bbox 162 544 240 590; x_wconf 82' lang='lat' dir='ltr'>Qui</span> <span class='ocrx_word' id='word_1_36' title='bbox 258 544 427 582; x_wconf 90' lang='lat' dir='ltr'>domitor</span> <span class='ocrx_word' id='word_1_37' title='bbox 446 544 583 582; x_wconf 83' lang='lat' dir='ltr'>Troiae</span> <span class='ocrx_word' id='word_1_38' title='bbox 602 545 818 583; x_wconf 86' lang='lat' dir='ltr'>multorum</span> <span class='ocrx_word' id='word_1_39' title='bbox 838 547 1022 596; x_wconf 86' lang='lat' dir='ltr'>providus</span> <span class='ocrx_word' id='word_1_40' title='bbox 1041 548 1156 585; x_wconf 87' lang='lat' dir='ltr'>urbes</span> 
     </span>
    </p>

    <p class='ocr_par' dir='ltr' id='par_1_5' title="bbox 162 606 1277 840">
     <span class='ocr_line' id='line_1_8' title="bbox 162 606 1277 660; baseline 0.004 -17"><span class='ocrx_word' id='word_1_41' title='bbox 162 606 217 643; x_wconf 85' lang='lat' dir='ltr'>Et</span> <span class='ocrx_word' id='word_1_42' title='bbox 235 618 362 644; x_wconf 90' lang='lat' dir='ltr'>mores</span> <span class='ocrx_word' id='word_1_43' title='bbox 379 606 585 643; x_wconf 89' lang='lat' dir='ltr'>hominum</span> <span class='ocrx_word' id='word_1_44' title='bbox 604 606 787 656; x_wconf 83' lang='lat' dir='ltr'>inspexit,</span> <span class='ocrx_word' id='word_1_45' title='bbox 807 607 1011 658; x_wconf 89' lang='lat' dir='ltr'>latumque</span> <span class='ocrx_word' id='word_1_46' title='bbox 1029 621 1100 659; x_wconf 89' lang='lat' dir='ltr'>per</span> <span class='ocrx_word' id='word_1_47' title='bbox 1119 622 1277 660; x_wconf 89' lang='lat' dir='ltr'>aequor,</span> 
     </span>
     <span class='ocr_line' id='line_1_9' title="bbox 162 667 1263 719; baseline 0.004 -15"><span class='ocrx_word' id='word_1_48' title='bbox 162 668 271 705; x_wconf 88' lang='lat' dir='ltr'>Dum</span> <span class='ocrx_word' id='word_1_49' title='bbox 289 667 376 714; x_wconf 89' lang='lat' dir='ltr'>sibi,</span> <span class='ocrx_word' id='word_1_50' title='bbox 396 667 490 704; x_wconf 91' lang='lat' dir='ltr'>dum</span> <span class='ocrx_word' id='word_1_51' title='bbox 509 667 620 704; x_wconf 91' lang='lat' dir='ltr'>sociis</span> <span class='ocrx_word' id='word_1_52' title='bbox 638 667 810 705; x_wconf 85' lang='lat' dir='ltr'>reditum</span> <span class='ocrx_word' id='word_1_53' title='bbox 829 673 957 718; x_wconf 88' lang='lat' dir='ltr'>parat,</span> <span class='ocrx_word' id='word_1_54' title='bbox 978 682 1117 719; x_wconf 88' lang='lat' dir='ltr'>aspera</span> <span class='ocrx_word' id='word_1_55' title='bbox 1137 671 1263 708; x_wconf 86' lang='lat' dir='ltr'>multa</span> 
     </span>
     <span class='ocr_line' id='line_1_10' title="bbox 162 728 1139 776; baseline 0.002 -9"><span class='ocrx_word' id='word_1_56' title='bbox 162 729 349 776; x_wconf 84' lang='lat' dir='ltr'>Pertulit,</span> <span class='ocrx_word' id='word_1_57' title='bbox 370 728 544 766; x_wconf 87' lang='lat' dir='ltr'>adversis</span> <span class='ocrx_word' id='word_1_58' title='bbox 562 742 697 767; x_wconf 88' lang='lat' dir='ltr'>rerum</span> <span class='ocrx_word' id='word_1_59' title='bbox 716 731 994 768; x_wconf 85' lang='lat' dir='ltr'>immersabilis</span> <span class='ocrx_word' id='word_1_60' title='bbox 1014 731 1139 769; x_wconf 89' lang='lat' dir='ltr'>undis.</span> 
     </span>
     <span class='ocr_line' id='line_1_11' title="bbox 162 789 998 840; baseline 0.001 -12"><span class='ocrx_word' id='word_1_61' title='bbox 162 789 347 828; x_wconf 84' lang='lat' dir='ltr'>Sirenum</span> <span class='ocrx_word' id='word_1_62' title='bbox 366 802 475 827; x_wconf 87' lang='lat' dir='ltr'>voces</span> <span class='ocrx_word' id='word_1_63' title='bbox 494 794 535 827; x_wconf 89' lang='lat' dir='ltr'>et</span> <span class='ocrx_word' id='word_1_64' title='bbox 554 790 692 828; x_wconf 79' lang='lat' dir='ltr'>Circae</span> <span class='ocrx_word' id='word_1_65' title='bbox 710 791 849 840; x_wconf 89' lang='lat' dir='ltr'>pocula</span> <span class='ocrx_word' id='word_1_66' title='bbox 869 792 973 829; x_wconf 89' lang='lat' dir='ltr'>nosti</span> <span class='ocrx_word' id='word_1_67' title='bbox 986 805 998 840; x_wconf 75' lang='lat'><em>3</em></span> 
     </span>
    </p>

    <p class='ocr_par' dir='ltr' id='par_1_6' title="bbox 161 851 1173 1015">
     <span class='ocr_line' id='line_1_12' title="bbox 162 851 1173 903; baseline 0.003 -15"><span class='ocrx_word' id='word_1_68' title='bbox 162 851 271 897; x_wconf 82' lang='lat' dir='ltr'>Quae</span> <span class='ocrx_word' id='word_1_69' title='bbox 290 851 323 889; x_wconf 88' lang='lat' dir='ltr'>si</span> <span class='ocrx_word' id='word_1_70' title='bbox 340 863 429 889; x_wconf 92' lang='lat' dir='ltr'>cum</span> <span class='ocrx_word' id='word_1_71' title='bbox 449 851 560 889; x_wconf 89' lang='lat' dir='ltr'>sociis</span> <span class='ocrx_word' id='word_1_72' title='bbox 578 852 726 889; x_wconf 82' lang='lat' dir='ltr'>stultus</span> <span class='ocrx_word' id='word_1_73' title='bbox 744 853 984 903; x_wconf 90' lang='lat' dir='ltr'>cupidusque</span> <span class='ocrx_word' id='word_1_74' title='bbox 1004 853 1173 903; x_wconf 88' lang='lat' dir='ltr'>bibisset,</span> 
     </span>
     <span class='ocr_line' id='line_1_13' title="bbox 162 912 1169 965; baseline 0.004 -15"><span class='ocrx_word' id='word_1_75' title='bbox 162 912 244 950; x_wconf 79' lang='lat' dir='ltr'>Sub</span> <span class='ocrx_word' id='word_1_76' title='bbox 261 913 420 950; x_wconf 89' lang='lat' dir='ltr'>domina</span> <span class='ocrx_word' id='word_1_77' title='bbox 440 914 643 951; x_wconf 71' lang='lat' dir='ltr'>meretrice</span> <span class='ocrx_word' id='word_1_78' title='bbox 661 913 800 952; x_wconf 82' lang='lat' dir='ltr'>fuisset</span> <span class='ocrx_word' id='word_1_79' title='bbox 818 915 948 965; x_wconf 85' lang='lat' dir='ltr'>turpis</span> <span class='ocrx_word' id='word_1_80' title='bbox 965 919 1006 953; x_wconf 92' lang='lat' dir='ltr'>et</span> <span class='ocrx_word' id='word_1_81' title='bbox 1024 928 1169 964; x_wconf 79' lang='lat' dir='ltr'>excorS,</span> 
     </span>
     <span class='ocr_line' id='line_1_14' title="bbox 161 974 1121 1015; baseline 0.004 -4"><span class='ocrx_word' id='word_1_82' title='bbox 161 974 336 1012; x_wconf 79' lang='lat' dir='ltr'>Vixisset</span> <span class='ocrx_word' id='word_1_83' title='bbox 355 975 463 1012; x_wconf 85' lang='lat' dir='ltr'>canis</span> <span class='ocrx_word' id='word_1_84' title='bbox 481 975 696 1014; x_wconf 86' lang='lat' dir='ltr'>inmundus</span> <span class='ocrx_word' id='word_1_85' title='bbox 715 977 776 1014; x_wconf 89' lang='lat' dir='ltr'>vel</span> <span class='ocrx_word' id='word_1_86' title='bbox 795 977 922 1014; x_wconf 87' lang='lat' dir='ltr'>amica</span> <span class='ocrx_word' id='word_1_87' title='bbox 941 977 1027 1015; x_wconf 87' lang='lat' dir='ltr'>luto</span> <span class='ocrx_word' id='word_1_88' title='bbox 1045 990 1121 1015; x_wconf 90' lang='lat' dir='ltr'>sus.</span> 
     </span>
    </p>

    <p class='ocr_par' dir='ltr' id='par_1_7' title="bbox 160 1037 1184 1151">
     <span class='ocr_line' id='line_1_15' title="bbox 160 1037 1184 1089; baseline 0.003 -15"><span class='ocrx_word' id='word_1_89' title='bbox 160 1037 244 1074; x_wconf 88' lang='lat' dir='ltr'>Nos</span> <span class='ocrx_word' id='word_1_90' title='bbox 261 1049 450 1074; x_wconf 88' lang='lat' dir='ltr'>numerus</span> <span class='ocrx_word' id='word_1_91' title='bbox 468 1050 603 1075; x_wconf 85' lang='lat' dir='ltr'>sumus</span> <span class='ocrx_word' id='word_1_92' title='bbox 621 1042 664 1075; x_wconf 85' lang='lat' dir='ltr'>et</span> <span class='ocrx_word' id='word_1_93' title='bbox 682 1037 818 1089; x_wconf 80' lang='lat' dir='ltr'>fruges</span> <span class='ocrx_word' id='word_1_94' title='bbox 837 1051 1066 1077; x_wconf 84' lang='lat' dir='ltr'>consumere</span> <span class='ocrx_word' id='word_1_95' title='bbox 1084 1040 1184 1087; x_wconf 83' lang='lat' dir='ltr'>nati,</span> 
     </span>
     <span class='ocr_line' id='line_1_16' title="bbox 162 1098 1028 1151; baseline 0.003 -15"><span class='ocrx_word' id='word_1_96' title='bbox 162 1098 300 1149; x_wconf 83' lang='lat' dir='ltr'>Sponsi</span> <span class='ocrx_word' id='word_1_97' title='bbox 320 1099 541 1149; x_wconf 83' lang='lat' dir='ltr'>Penelopae</span> <span class='ocrx_word' id='word_1_98' title='bbox 560 1100 774 1138; x_wconf 87' lang='lat' dir='ltr'>nebulones</span> <span class='ocrx_word' id='word_1_99' title='bbox 792 1100 1028 1151; x_wconf 87' lang='lat' dir='ltr'>Alcinoique</span> 
     </span>
    </p>

    <p class='ocr_par' dir='ltr' id='par_1_8' title="bbox 161 1161 1166 1272">
     <span class='ocr_line' id='line_1_17' title="bbox 161 1161 1166 1212; baseline 0.003 -14"><span class='ocrx_word' id='word_1_100' title='bbox 161 1161 213 1198; x_wconf 96' lang='lat' dir='ltr'>In</span> <span class='ocrx_word' id='word_1_101' title='bbox 231 1165 322 1199; x_wconf 84' lang='lat' dir='ltr'>cute</span> <span class='ocrx_word' id='word_1_102' title='bbox 340 1161 515 1199; x_wconf 87' lang='lat' dir='ltr'>curanda</span> <span class='ocrx_word' id='word_1_103' title='bbox 535 1161 624 1212; x_wconf 89' lang='lat' dir='ltr'>plus</span> <span class='ocrx_word' id='word_1_104' title='bbox 643 1174 769 1212; x_wconf 88' lang='lat' dir='ltr'>aequo</span> <span class='ocrx_word' id='word_1_105' title='bbox 787 1166 950 1212; x_wconf 87' lang='lat' dir='ltr'>operata</span> <span class='ocrx_word' id='word_1_106' title='bbox 969 1163 1166 1210; x_wconf 87' lang='lat' dir='ltr'>iuventus,</span> 
     </span>
     <span class='ocr_line' id='line_1_18' title="bbox 161 1222 1129 1272; baseline 0.003 -12"><span class='ocrx_word' id='word_1_107' title='bbox 161 1222 234 1261; x_wconf 82' lang='lat' dir='ltr'>Oui</span> <span class='ocrx_word' id='word_1_108' title='bbox 251 1222 461 1272; x_wconf 89' lang='lat' dir='ltr'>pulchrum</span> <span class='ocrx_word' id='word_1_109' title='bbox 479 1222 560 1260; x_wconf 84' lang='lat' dir='ltr'>fuit</span> <span class='ocrx_word' id='word_1_110' title='bbox 577 1223 620 1260; x_wconf 92' lang='lat' dir='ltr'>in</span> <span class='ocrx_word' id='word_1_111' title='bbox 639 1224 782 1261; x_wconf 78' lang='lat' dir='ltr'>medios</span> <span class='ocrx_word' id='word_1_112' title='bbox 802 1224 970 1262; x_wconf 86' lang='lat' dir='ltr'>dormire</span> <span class='ocrx_word' id='word_1_113' title='bbox 989 1224 1070 1263; x_wconf 87' lang='lat' dir='ltr'>dies</span> <span class='ocrx_word' id='word_1_114' title='bbox 1087 1229 1129 1263; x_wconf 91' lang='lat' dir='ltr'>et</span> 
     </span>
    </p>

    <p class='ocr_par' dir='ltr' id='par_1_9' title="bbox 159 1284 1259 1521">
     <span class='ocr_line' id='line_1_19' title="bbox 159 1284 1259 1335; baseline 0.004 -14"><span class='ocrx_word' id='word_1_115' title='bbox 159 1284 225 1322; x_wconf 84' lang='lat' dir='ltr'>Ad</span> <span class='ocrx_word' id='word_1_116' title='bbox 243 1285 454 1335; x_wconf 70' lang='lat' dir='ltr'>strepitum</span> <span class='ocrx_word' id='word_1_117' title='bbox 474 1285 651 1322; x_wconf 84' lang='lat' dir='ltr'>citharae</span> <span class='ocrx_word' id='word_1_118' title='bbox 671 1290 889 1323; x_wconf 86' lang='lat' dir='ltr'>cessantem</span> <span class='ocrx_word' id='word_1_119' title='bbox 909 1286 1049 1325; x_wconf 88' lang='lat' dir='ltr'>ducere</span> <span class='ocrx_word' id='word_1_120' title='bbox 1066 1300 1259 1325; x_wconf 88' lang='lat' dir='ltr'>somnum.</span> 
     </span>
     <span class='ocr_line' id='line_1_20' title="bbox 159 1346 1246 1397; baseline 0.003 -14"><span class='ocrx_word' id='word_1_121' title='bbox 159 1346 222 1384; x_wconf 88' lang='lat' dir='ltr'>Ut</span> <span class='ocrx_word' id='word_1_122' title='bbox 238 1346 421 1397; x_wconf 87' lang='lat' dir='ltr'>iugulent</span> <span class='ocrx_word' id='word_1_123' title='bbox 435 1346 644 1394; x_wconf 87' lang='lat' dir='ltr'>hominem,</span> <span class='ocrx_word' id='word_1_124' title='bbox 663 1352 833 1396; x_wconf 88' lang='lat' dir='ltr'>surgunt</span> <span class='ocrx_word' id='word_1_125' title='bbox 852 1347 900 1384; x_wconf 93' lang='lat' dir='ltr'>de</span> <span class='ocrx_word' id='word_1_126' title='bbox 918 1352 1032 1386; x_wconf 87' lang='lat' dir='ltr'>nocte</span> <span class='ocrx_word' id='word_1_127' title='bbox 1046 1348 1221 1387; x_wconf 84' lang='lat' dir='ltr'>latrones</span> <span class='ocrx_word' id='word_1_128' title='bbox 1237 1361 1246 1386; x_wconf 75' lang='grc' dir='ltr'>ε</span> 
     </span>
     <span class='ocr_line' id='line_1_21' title="bbox 160 1408 1195 1460; baseline 0.002 -14"><span class='ocrx_word' id='word_1_129' title='bbox 160 1408 221 1446; x_wconf 87' lang='lat' dir='ltr'>Ut</span> <span class='ocrx_word' id='word_1_130' title='bbox 238 1411 281 1445; x_wconf 89' lang='lat' dir='ltr'>te</span> <span class='ocrx_word' id='word_1_131' title='bbox 298 1408 428 1458; x_wconf 88' lang='lat' dir='ltr'>ipsum</span> <span class='ocrx_word' id='word_1_132' title='bbox 448 1421 587 1455; x_wconf 86' lang='lat' dir='ltr'>serves,</span> <span class='ocrx_word' id='word_1_133' title='bbox 609 1422 688 1446; x_wconf 90' lang='lat' dir='ltr'>non</span> <span class='ocrx_word' id='word_1_134' title='bbox 708 1409 1008 1459; x_wconf 65' lang='lat' dir='ltr'>expergisceris?</span> <span class='ocrx_word' id='word_1_135' title='bbox 1064 1411 1195 1460; x_wconf 83' lang='lat' dir='ltr'>Atqui</span> 
     </span>
     <span class='ocr_line' id='line_1_22' title="bbox 160 1469 1042 1521; baseline 0.003 -14"><span class='ocrx_word' id='word_1_136' title='bbox 160 1469 201 1507; x_wconf 81' lang='lat' dir='ltr'>Si</span> <span class='ocrx_word' id='word_1_137' title='bbox 220 1470 326 1508; x_wconf 86' lang='lat' dir='ltr'>noles</span> <span class='ocrx_word' id='word_1_138' title='bbox 345 1484 474 1517; x_wconf 85' lang='lat' dir='ltr'>sanus,</span> <span class='ocrx_word' id='word_1_139' title='bbox 495 1484 629 1508; x_wconf 89' lang='lat' dir='ltr'>curres</span> <span class='ocrx_word' id='word_1_140' title='bbox 648 1471 909 1521; x_wconf 87' lang='lat' dir='ltr'>hydropicus;</span> <span class='ocrx_word' id='word_1_141' title='bbox 939 1476 980 1509; x_wconf 89' lang='lat' dir='ltr'>et</span> <span class='ocrx_word' id='word_1_142' title='bbox 999 1473 1042 1510; x_wconf 92' lang='lat' dir='ltr'>ni</span> 
     </span>
    </p>

    <p class='ocr_par' dir='ltr' id='par_1_10' title="bbox 158 1531 1192 1769">
     <span class='ocr_line' id='line_1_23' title="bbox 159 1531 1137 1580; baseline 0.003 -12"><span class='ocrx_word' id='word_1_143' title='bbox 159 1531 297 1569; x_wconf 88' lang='lat' dir='ltr'>Posces</span> <span class='ocrx_word' id='word_1_144' title='bbox 316 1537 412 1569; x_wconf 88' lang='lat' dir='ltr'>ante</span> <span class='ocrx_word' id='word_1_145' title='bbox 431 1532 532 1569; x_wconf 86' lang='lat' dir='ltr'>diem</span> <span class='ocrx_word' id='word_1_146' title='bbox 553 1532 696 1570; x_wconf 87' lang='lat' dir='ltr'>librum</span> <span class='ocrx_word' id='word_1_147' title='bbox 716 1546 805 1570; x_wconf 89' lang='lat' dir='ltr'>cum</span> <span class='ocrx_word' id='word_1_148' title='bbox 825 1533 984 1580; x_wconf 86' lang='lat' dir='ltr'>lumine,</span> <span class='ocrx_word' id='word_1_149' title='bbox 1005 1534 1037 1571; x_wconf 93' lang='lat' dir='ltr'>si</span> <span class='ocrx_word' id='word_1_150' title='bbox 1057 1546 1137 1571; x_wconf 93' lang='lat' dir='ltr'>non</span> 
     </span>
     <span class='ocr_line' id='line_1_24' title="bbox 160 1593 1103 1642; baseline 0.003 -13"><span class='ocrx_word' id='word_1_151' title='bbox 160 1593 350 1631; x_wconf 86' lang='lat' dir='ltr'>Intendes</span> <span class='ocrx_word' id='word_1_152' title='bbox 367 1594 544 1630; x_wconf 90' lang='lat' dir='ltr'>animum</span> <span class='ocrx_word' id='word_1_153' title='bbox 564 1594 704 1631; x_wconf 87' lang='lat' dir='ltr'>studiis</span> <span class='ocrx_word' id='word_1_154' title='bbox 723 1599 764 1631; x_wconf 90' lang='lat' dir='ltr'>et</span> <span class='ocrx_word' id='word_1_155' title='bbox 783 1595 899 1632; x_wconf 92' lang='lat' dir='ltr'>rebus</span> <span class='ocrx_word' id='word_1_156' title='bbox 918 1595 1103 1642; x_wconf 85' lang='lat' dir='ltr'>honestis,</span> 
     </span>
     <span class='ocr_line' id='line_1_25' title="bbox 159 1655 1192 1706; baseline 0.002 -14"><span class='ocrx_word' id='word_1_157' title='bbox 159 1655 318 1692; x_wconf 87' lang='lat' dir='ltr'>Invidia</span> <span class='ocrx_word' id='word_1_158' title='bbox 338 1655 399 1692; x_wconf 90' lang='lat' dir='ltr'>vel</span> <span class='ocrx_word' id='word_1_159' title='bbox 419 1669 552 1692; x_wconf 85' lang='lat' dir='ltr'>amore</span> <span class='ocrx_word' id='word_1_160' title='bbox 571 1655 666 1706; x_wconf 85' lang='lat' dir='ltr'>vigil</span> <span class='ocrx_word' id='word_1_161' title='bbox 681 1657 927 1706; x_wconf 85' lang='lat' dir='ltr'>torquebere.</span> <span class='ocrx_word' id='word_1_162' title='bbox 983 1657 1089 1694; x_wconf 84' lang='lat' dir='ltr'>Nam</span> <span class='ocrx_word' id='word_1_163' title='bbox 1108 1670 1192 1705; x_wconf 89' lang='lat' dir='ltr'>cur,</span> 
     </span>
     <span class='ocr_line' id='line_1_26' title="bbox 158 1717 1174 1769; baseline 0 -15"><span class='ocrx_word' id='word_1_164' title='bbox 158 1717 266 1762; x_wconf 81' lang='lat' dir='ltr'>Quae</span> <span class='ocrx_word' id='word_1_165' title='bbox 284 1717 448 1755; x_wconf 89' lang='lat' dir='ltr'>laedunt</span> <span class='ocrx_word' id='word_1_166' title='bbox 466 1717 634 1764; x_wconf 88' lang='lat' dir='ltr'>oculum,</span> <span class='ocrx_word' id='word_1_167' title='bbox 655 1718 821 1755; x_wconf 83' lang='lat' dir='ltr'>festinas</span> <span class='ocrx_word' id='word_1_168' title='bbox 840 1719 1018 1765; x_wconf 90' lang='lat' dir='ltr'>demere;</span> <span class='ocrx_word' id='word_1_169' title='bbox 1046 1718 1174 1769; x_wconf 87' lang='lat' dir='ltr'>siquid</span> 
     </span>
    </p>

    <p class='ocr_par' dir='ltr' id='par_1_11' title="bbox 107 1771 1227 2198">
     <span class='ocr_line' id='line_1_27' title="bbox 107 1771 1216 1830; baseline 0.001 -15"><span class='ocrx_word' id='word_1_170' title='bbox 107 1771 109 1773; x_wconf 35' lang='lat'>¹</span> <span class='ocrx_word' id='word_1_171' title='bbox 160 1778 232 1816; x_wconf 87' lang='lat' dir='ltr'>Est</span> <span class='ocrx_word' id='word_1_172' title='bbox 250 1779 441 1826; x_wconf 83' lang='lat' dir='ltr'>animum,</span> <span class='ocrx_word' id='word_1_173' title='bbox 461 1779 597 1817; x_wconf 85' lang='lat' dir='ltr'>differs</span> <span class='ocrx_word' id='word_1_174' title='bbox 615 1779 780 1816; x_wconf 87' lang='lat' dir='ltr'>curandi</span> <span class='ocrx_word' id='word_1_175' title='bbox 800 1784 957 1830; x_wconf 88' lang='lat' dir='ltr'>tempus</span> <span class='ocrx_word' id='word_1_176' title='bbox 975 1780 1018 1817; x_wconf 91' lang='lat' dir='ltr'>in</span> <span class='ocrx_word' id='word_1_177' title='bbox 1037 1781 1216 1817; x_wconf 67' lang='lat' dir='ltr'>annum?</span> 
     </span>
     <span class='ocr_line' id='line_1_28' title="bbox 159 1840 1227 1891; baseline 0 -13"><span class='ocrx_word' id='word_1_178' title='bbox 159 1840 378 1878; x_wconf 84' lang='lat' dir='ltr'>Dimidium</span> <span class='ocrx_word' id='word_1_179' title='bbox 397 1840 508 1889; x_wconf 85' lang='lat' dir='ltr'>facti,</span> <span class='ocrx_word' id='word_1_180' title='bbox 527 1841 596 1891; x_wconf 90' lang='lat' dir='ltr'>qui</span> <span class='ocrx_word' id='word_1_181' title='bbox 613 1842 751 1890; x_wconf 88' lang='lat' dir='ltr'>coepit,</span> <span class='ocrx_word' id='word_1_182' title='bbox 771 1841 915 1879; x_wconf 86' lang='lat' dir='ltr'>habet:</span> <span class='ocrx_word' id='word_1_183' title='bbox 944 1855 1082 1891; x_wconf 87' lang='lat' dir='ltr'>sapere</span> <span class='ocrx_word' id='word_1_184' title='bbox 1101 1841 1201 1878; x_wconf 89' lang='lat' dir='ltr'>aude</span> <span class='ocrx_word' id='word_1_185' title='bbox 1216 1854 1227 1888; x_wconf 90' lang='lat'>;</span> 
     </span>
     <span class='ocr_line' id='line_1_29' title="bbox 159 1903 1118 1954; baseline 0.001 -14"><span class='ocrx_word' id='word_1_186' title='bbox 159 1903 306 1952; x_wconf 85' lang='lat' dir='ltr'>Incipe.</span> <span class='ocrx_word' id='word_1_187' title='bbox 362 1903 441 1948; x_wconf 80' lang='lat' dir='ltr'>Qui</span> <span class='ocrx_word' id='word_1_188' title='bbox 458 1908 562 1941; x_wconf 90' lang='lat' dir='ltr'>recte</span> <span class='ocrx_word' id='word_1_189' title='bbox 582 1904 738 1940; x_wconf 85' lang='lat' dir='ltr'>vivendi</span> <span class='ocrx_word' id='word_1_190' title='bbox 759 1908 946 1954; x_wconf 82' lang='lat' dir='ltr'>prorogat</span> <span class='ocrx_word' id='word_1_191' title='bbox 965 1904 1118 1950; x_wconf 85' lang='lat' dir='ltr'>horam,</span> 
     </span>
     <span class='ocr_line' id='line_1_30' title="bbox 159 1964 1192 2015; baseline 0.001 -14"><span class='ocrx_word' id='word_1_192' title='bbox 159 1964 348 2002; x_wconf 87' lang='lat' dir='ltr'>Rusticus</span> <span class='ocrx_word' id='word_1_193' title='bbox 366 1969 580 2015; x_wconf 80' lang='lat' dir='ltr'>exspectat,</span> <span class='ocrx_word' id='word_1_194' title='bbox 600 1965 694 2002; x_wconf 92' lang='lat' dir='ltr'>dum</span> <span class='ocrx_word' id='word_1_195' title='bbox 713 1965 862 2003; x_wconf 89' lang='lat' dir='ltr'>defluat</span> <span class='ocrx_word' id='word_1_196' title='bbox 881 1967 1030 2012; x_wconf 88' lang='lat' dir='ltr'>amnis;</span> <span class='ocrx_word' id='word_1_197' title='bbox 1060 1971 1104 2003; x_wconf 87' lang='lat' dir='ltr'>at</span> <span class='ocrx_word' id='word_1_198' title='bbox 1123 1966 1192 2002; x_wconf 88' lang='lat' dir='ltr'>ille</span> 
     </span>
     <span class='ocr_line' id='line_1_31' title="bbox 159 2025 1126 2064; baseline 0.002 -2"><span class='ocrx_word' id='word_1_199' title='bbox 159 2025 328 2062; x_wconf 84' lang='lat' dir='ltr'>Labitur</span> <span class='ocrx_word' id='word_1_200' title='bbox 346 2031 387 2063; x_wconf 91' lang='lat' dir='ltr'>et</span> <span class='ocrx_word' id='word_1_201' title='bbox 406 2026 563 2063; x_wconf 81' lang='lat' dir='ltr'>labetur</span> <span class='ocrx_word' id='word_1_202' title='bbox 581 2026 623 2063; x_wconf 92' lang='lat' dir='ltr'>in</span> <span class='ocrx_word' id='word_1_203' title='bbox 642 2039 757 2063; x_wconf 93' lang='lat' dir='ltr'>omne</span> <span class='ocrx_word' id='word_1_204' title='bbox 776 2027 956 2064; x_wconf 77' lang='lat' dir='ltr'>volubilis</span> <span class='ocrx_word' id='word_1_205' title='bbox 975 2040 1126 2064; x_wconf 87' lang='lat' dir='ltr'>aevum.</span> 
     </span>
     <span class='ocr_line' id='line_1_32' title="bbox 158 2087 1164 2138; baseline 0 -15"><span class='ocrx_word' id='word_1_206' title='bbox 158 2087 375 2131; x_wconf 80' lang='lat' dir='ltr'>Quaeritur</span> <span class='ocrx_word' id='word_1_207' title='bbox 393 2092 601 2137; x_wconf 86' lang='lat' dir='ltr'>argentum</span> <span class='ocrx_word' id='word_1_208' title='bbox 625 2091 833 2138; x_wconf 70' lang='lat' dir='ltr'>puerisque</span> <span class='ocrx_word' id='word_1_209' title='bbox 852 2089 968 2125; x_wconf 89' lang='lat' dir='ltr'>beata</span> <span class='ocrx_word' id='word_1_210' title='bbox 986 2087 1164 2125; x_wconf 61' lang='lat' dir='ltr'>creandis</span> 
     </span>
     <span class='ocr_line' id='line_1_33' title="bbox 158 2147 1086 2198; baseline 0.002 -14"><span class='ocrx_word' id='word_1_211' title='bbox 158 2147 282 2194; x_wconf 84' lang='lat' dir='ltr'>Uxor,</span> <span class='ocrx_word' id='word_1_212' title='bbox 302 2153 343 2184; x_wconf 85' lang='lat' dir='ltr'>et</span> <span class='ocrx_word' id='word_1_213' title='bbox 362 2149 535 2185; x_wconf 86' lang='lat' dir='ltr'>incultae</span> <span class='ocrx_word' id='word_1_214' title='bbox 555 2154 751 2198; x_wconf 82' lang='lat' dir='ltr'>pacantur</span> <span class='ocrx_word' id='word_1_215' title='bbox 770 2162 923 2186; x_wconf 57' lang='lat' dir='ltr'>vomerc¹</span> <span class='ocrx_word' id='word_1_216' title='bbox 942 2150 1086 2186; x_wconf 76' lang='lat' dir='ltr'>silvae:</span> 
     </span>
    </p>

    <p class='ocr_par' dir='ltr' id='par_1_12' title="bbox 158 2208 1213 2382">
     <span class='ocr_line' id='line_1_34' title="bbox 158 2208 1213 2260; baseline 0.002 -15"><span class='ocrx_word' id='word_1_217' title='bbox 158 2208 269 2253; x_wconf 81' lang='lat' dir='ltr'>Quod</span> <span class='ocrx_word' id='word_1_218' title='bbox 288 2210 385 2246; x_wconf 85' lang='lat' dir='ltr'>satis</span> <span class='ocrx_word' id='word_1_219' title='bbox 402 2215 462 2247; x_wconf 88' lang='lat' dir='ltr'>est</span> <span class='ocrx_word' id='word_1_220' title='bbox 480 2211 542 2246; x_wconf 92' lang='lat' dir='ltr'>cui</span> <span class='ocrx_word' id='word_1_221' title='bbox 560 2211 768 2260; x_wconf 81' lang='lat' dir='ltr'>contingit,</span> <span class='ocrx_word' id='word_1_222' title='bbox 789 2211 886 2247; x_wconf 89' lang='lat' dir='ltr'>nihil</span> <span class='ocrx_word' id='word_1_223' title='bbox 908 2210 1075 2260; x_wconf 75' lang='lat' dir='ltr'>amplius</span> <span class='ocrx_word' id='word_1_224' title='bbox 1094 2214 1213 2259; x_wconf 80' lang='lat' dir='ltr'>optet.</span> 
     </span>
     <span class='ocr_line' id='line_1_35' title="bbox 158 2269 1206 2319; baseline -0.001 -12"><span class='ocrx_word' id='word_1_225' title='bbox 158 2269 251 2308; x_wconf 89' lang='lat' dir='ltr'>Non</span> <span class='ocrx_word' id='word_1_226' title='bbox 269 2271 405 2308; x_wconf 89' lang='lat' dir='ltr'>domus</span> <span class='ocrx_word' id='word_1_227' title='bbox 423 2277 464 2309; x_wconf 90' lang='lat' dir='ltr'>et</span> <span class='ocrx_word' id='word_1_228' title='bbox 483 2272 641 2319; x_wconf 84' lang='lat' dir='ltr'>fundus,</span> <span class='ocrx_word' id='word_1_229' title='bbox 663 2285 741 2309; x_wconf 85' lang='lat' dir='ltr'>non</span> <span class='ocrx_word' id='word_1_230' title='bbox 760 2274 862 2308; x_wconf 85' lang='lat' dir='ltr'>aeris</span> <span class='ocrx_word' id='word_1_231' title='bbox 880 2284 1042 2309; x_wconf 76' lang='lat' dir='ltr'>acervus</span> <span class='ocrx_word' id='word_1_232' title='bbox 1060 2276 1100 2308; x_wconf 82' lang='lat' dir='ltr'>et</span> <span class='ocrx_word' id='word_1_233' title='bbox 1120 2270 1206 2307; x_wconf 84' lang='lat' dir='ltr'>auri</span> 
     </span>
     <span class='ocr_line' id='line_1_36' title="bbox 158 2331 1017 2382; baseline 0 -14"><span class='ocrx_word' id='word_1_234' title='bbox 158 2332 333 2381; x_wconf 83' lang='lat' dir='ltr'>Aegroto</span> <span class='ocrx_word' id='word_1_235' title='bbox 352 2331 499 2370; x_wconf 89' lang='lat' dir='ltr'>domini</span> <span class='ocrx_word' id='word_1_236' title='bbox 517 2332 680 2370; x_wconf 84' lang='lat' dir='ltr'>deduxit</span> <span class='ocrx_word' id='word_1_237' title='bbox 698 2345 857 2382; x_wconf 81' lang='lat' dir='ltr'>corpore</span> <span class='ocrx_word' id='word_1_238' title='bbox 876 2332 1017 2379; x_wconf 82' lang='lat' dir='ltr'>febres,</span> 
     </span>
    </p>
   </div>
   <div class='ocr_carea' id='block_1_3' title="bbox 1436 141 1478 177">
    <p class='ocr_par' dir='ltr' id='par_1_13' title="bbox 1436 141 1478 177">
     <span class='ocr_line' id='line_1_37' title="bbox 1436 141 1478 177; baseline 0 0"><span class='ocrx_word' id='word_1_239' title='bbox 1436 141 1478 177; x_wconf 77' lang='lat'>21</span> 
     </span>
    </p>
   </div>
   <div class='ocr_carea' id='block_1_4' title="bbox 1438 316 1481 352">
    <p class='ocr_par' dir='ltr' id='par_1_14' title="bbox 1438 316 1481 352">
     <span class='ocr_line' id='line_1_38' title="bbox 1438 316 1481 352; baseline 0 0"><span class='ocrx_word' id='word_1_240' title='bbox 1438 316 1481 352; x_wconf 85' lang='lat'>15</span> 
     </span>
    </p>
   </div>
   <div class='ocr_carea' id='block_1_5' title="bbox 1437 625 1472 649">
    <p class='ocr_par' dir='ltr' id='par_1_15' title="bbox 1437 625 1472 649">
     <span class='ocr_line' id='line_1_39' title="bbox 1437 625 1472 649; baseline -0.057 0"><span class='ocrx_word' id='word_1_241' title='bbox 1437 625 1472 649; x_wconf 89' lang='grc'>2(</span> 
     </span>
    </p>
   </div>
   <div class='ocr_carea' id='block_1_6' title="bbox 1431 930 1476 966">
    <p class='ocr_par' dir='ltr' id='par_1_16' title="bbox 1431 930 1476 966">
     <span class='ocr_line' id='line_1_40' title="bbox 1431 930 1476 966; baseline 0 0"><span class='ocrx_word' id='word_1_242' title='bbox 1431 930 1476 966; x_wconf 87' lang='lat'>25</span> 
     </span>
    </p>
   </div>
   <div class='ocr_carea' id='block_1_7' title="bbox 1433 1239 1481 1274">
    <p class='ocr_par' dir='ltr' id='par_1_17' title="bbox 1433 1239 1481 1274">
     <span class='ocr_line' id='line_1_41' title="bbox 1433 1239 1481 1274; baseline 0 -12"><span class='ocrx_word' id='word_1_243' title='bbox 1433 1239 1481 1274; x_wconf 80' lang='lat'>30</span> 
     </span>
    </p>
   </div>
   <div class='ocr_carea' id='block_1_8' title="bbox 1434 1547 1480 1584">
    <p class='ocr_par' dir='ltr' id='par_1_18' title="bbox 1434 1547 1480 1584">
     <span class='ocr_line' id='line_1_42' title="bbox 1434 1547 1480 1584; baseline 0 0"><span class='ocrx_word' id='word_1_244' title='bbox 1434 1547 1480 1584; x_wconf 81' lang='lat'>35</span> 
     </span>
    </p>
   </div>
   <div class='ocr_carea' id='block_1_9' title="bbox 1430 1856 1480 1889">
    <p class='ocr_par' dir='ltr' id='par_1_19' title="bbox 1430 1856 1480 1889">
     <span class='ocr_line' id='line_1_43' title="bbox 1430 1856 1480 1889; baseline 0 -10"><span class='ocrx_word' id='word_1_245' title='bbox 1430 1856 1480 1889; x_wconf 87' lang='lat'>40</span> 
     </span>
    </p>
   </div>
   <div class='ocr_carea' id='block_1_10' title="bbox 1430 2161 1476 2198">
    <p class='ocr_par' dir='ltr' id='par_1_20' title="bbox 1430 2161 1476 2198">
     <span class='ocr_line' id='line_1_44' title="bbox 1430 2161 1476 2198; baseline 0.043 -2"><span class='ocrx_word' id='word_1_246' title='bbox 1430 2161 1476 2198; x_wconf 81' lang='lat'>45</span> 
     </span>
    </p>
   </div>
  </div>
 </body>
</html>
