1701 2605
159 143 207 180 58
732 153 898 181 HORACE,

157 249 383 296 Aerumnis,
404 249 528 286 lassus
548 249 641 286 dum
663 252 780 285 noctu
801 249 944 296 stertit,
967 248 1016 286 ad
1035 262 1159 286 assem

157 311 388 348 Perdiderat
409 324 416 348 ε
445 315 532 361 post
550 311 621 347 hoe
640 323 799 348 vemens
816 310 932 360 lupus
952 315 992 347 et
1011 311 1083 347 sibi
1103 314 1143 347 et
1162 310 1265 347 hosti

158 373 295 409 Iratus
314 373 474 422 pariter,
495 371 637 408 ieiunis
656 371 839 409 dentibus
858 385 955 418 acer,

158 433 401 470 Praesidium
420 433 551 482 regale
569 433 650 469 loco
671 432 820 479 deiecit⁷
842 436 889 469 ut
908 433 1034 480 aiunt,

158 495 316 531 Summe
335 494 488 531 munito
509 497 549 530 et
568 494 784 530 multarum
805 493 924 530 divite
943 506 1085 531 rerum.

158 556 295 593 Clarus
314 556 362 592 ob
380 555 419 592 id
439 555 602 602 factum,
623 554 733 591 donis
752 559 918 591 ornatur
935 555 1119 600 honestis,

157 617 313 666 Accipit
331 621 372 653 et
390 617 450 653 bis
469 616 569 653 dena
588 629 705 666 super
725 616 906 653 sestertia
926 629 1145 652 nummum.

158 680 275 715 Forte
294 678 366 714 sub
385 678 455 714 hoe
473 681 631 726 tempus
649 677 849 714 castellum
870 680 1042 714 evertere
1063 680 1221 725 praetor

157 740 298 776 Nescio
316 739 418 788 quod
436 740 605 787 cupiens,
626 738 778 774 hortari
797 738 922 787 eoepit
940 737 1106 774 eundem

158 801 310 847 Verbis,
331 814 432 850 quae
452 800 589 837 timido
608 813 760 849 quoque
780 803 936 848 possent
955 799 1096 836 addere
1117 803 1288 836 mentem
1305 810 1313 834 z

160 866 181 884 “
198 865 219 900 Ι
239 864 349 909 bone,
371 876 447 912 quo
466 862 594 898 virtus
613 866 685 898 tua
703 865 744 898 te
764 865 888 908 vocat,
909 861 923 897 i
941 861 1036 910 pede
1055 860 1198 906 fausto,

157 925 331 962 Grandia
347 925 503 961 laturus
522 923 752 960 meritorum
771 923 956 972 praemia.
1013 922 1114 966 Quid
1132 925 1212 958 stas
1226 923 1238 958 2
1254 921 1272 936 '²

157 987 252 1023 Post
271 986 363 1023 haec
382 985 446 1021 ille
465 987 587 1033 catus,
609 983 864 1033 quantumvis
883 983 1052 1019 rusticus
1073 985 1095 1002 ‘⁴
1109 983 1203 1028 Ibit,

158 1047 240 1084 Ibit
259 1060 312 1094 eo,
335 1060 411 1096 quo
430 1047 498 1093 vis,
521 1046 588 1094 qui
609 1059 747 1083 zonam
768 1045 936 1095 perdidit
951 1044 969 1060 ''
989 1044 1130 1093 inquit.

158 1110 307 1145 Romae
326 1108 470 1144 nutriri
490 1107 586 1143 mihi
606 1107 771 1156 contigit
791 1110 911 1156 atque
930 1106 1067 1151 doceri,

158 1171 293 1206 Iratus
312 1170 427 1206 Grais
445 1173 638 1218 quantum
658 1168 851 1206 nocuisset
870 1168 1054 1204 Achilles.

156 1232 344 1268 Adieeere
363 1232 486 1267 bonae
505 1231 624 1279 paulo
644 1231 731 1280 plus
750 1231 846 1267 artis
866 1230 1059 1275 Athenae,

159 1293 312 1330 Scilicet
330 1297 376 1329 ut
396 1305 545 1341 possem
565 1305 681 1329 curvo
701 1292 922 1341 dignoscere
941 1293 1091 1327 rectum

156 1354 291 1403 Atque
309 1354 414 1390 inter
433 1353 550 1390 silvas
568 1353 758 1390 Academi
776 1364 964 1402 quaerere
982 1364 1130 1388 verum.

157 1415 268 1451 Dura
287 1415 351 1451 sed
370 1427 546 1451 emovere
566 1414 647 1451 loeo
670 1427 732 1450 me
750 1417 928 1462 tempora
948 1416 1074 1461 grato,

157 1476 365 1525 Civilisque
385 1476 521 1512 rudem
539 1475 631 1512 belli
649 1475 744 1512 tulit
764 1479 895 1511 aestus
914 1474 954 1510 in
976 1486 1097 1519 arma,

157 1538 334 1574 Caesaris
353 1537 526 1586 Augusti
546 1549 625 1573 non
644 1549 878 1586 responsura
897 1535 1063 1571 lacertis.

157 1600 274 1636 Unde
293 1599 408 1635 simul
428 1599 597 1647 primum
616 1610 679 1634 me
699 1597 878 1633 dimisere
899 1595 1082 1644 Philippi,

157 1660 305 1697 Decisis
324 1660 510 1696 humilem
531 1660 660 1708 pinnis
679 1659 910 1707 inopemque
929 1657 1085 1706 paterni

157 1723 210 1758 Et
229 1722 325 1758 laris
343 1724 382 1758 et
401 1720 514 1756 fundi
536 1723 747 1769 paupertas
767 1719 913 1768 inpulit
933 1717 1075 1763 audax,

155 1784 216 1820 Ut
234 1795 368 1819 versus
387 1781 564 1818 facerem.
623 1781 696 1817 Sed
716 1780 818 1829 quod
836 1792 915 1816 non
934 1778 1032 1815 desit
1050 1778 1260 1814 habentem

155 1845 264 1889 Quae
285 1846 471 1893 poterunt
492 1855 678 1891 umquam
697 1843 793 1878 satis
812 1852 1029 1889 expurgare
1049 1839 1207 1884 cicutae,

154 1906 209 1942 Ni
229 1905 365 1942 melius
384 1904 549 1940 dormire
569 1906 704 1952 putem
723 1915 842 1951 quam
862 1901 1028 1938 seribere
1047 1901 1207 1937 versus?

157 1967 319 2016 Singula
340 1966 386 2002 de
405 1966 514 2002 nobis
534 1965 628 2001 anni
647 1963 890 2014 praedantur
909 1966 1046 1999 euntes
1063 1974 1070 1998 :

156 2030 344 2078 Eripuere
363 2029 473 2073 iocos,
497 2038 688 2071 venerem,
709 2024 899 2070 convivia,
920 2023 1056 2059 ludum
1074 2035 1083 2069 3

155 2090 338 2127 Tendunt
358 2093 588 2136 extorquere
606 2090 786 2137 poemata
804 2099 810 2122 :
840 2085 932 2134 quid
950 2084 1089 2120 faciam
1112 2084 1194 2120 vis?

155 2152 334 2200 Denique
353 2164 430 2187 non
449 2162 581 2186 omnes
598 2149 731 2185 eadem
751 2147 949 2183 mirantur
965 2149 1180 2194 amantque
1196 2156 1206 2182 z

156 2213 340 2250 Carmine
360 2216 404 2248 tu
423 2211 581 2260 gaudes,
603 2210 666 2246 hic
685 2209 904 2246 delectatur
922 2207 1072 2253 iambis,

155 2275 228 2311 Ille
249 2273 404 2310 Bioneis
425 2271 668 2308 sermonibus
687 2274 726 2307 et
746 2270 825 2305 salo
845 2270 967 2318 nigro.

153 2335 247 2373 Tres
266 2334 362 2372 mihi
382 2334 566 2371 convivae
585 2344 703 2381 prope
724 2330 927 2368 dissentire
947 2329 1141 2376 videntur,

1412 142 1473 195 [11.

1424 444 1474 482 30

1424 749 1470 786 35

1423 1057 1474 1090 40

1422 1364 1468 1401 45

1420 1972 1466 2010 55

1419 2269 1468 2305 60
