1701 2605
159 167 277 223 xvn.]
634 179 824 215 muethus,
856 179 958 204 BOOK
988 179 1015 207 1.
1081 191 1084 194 ·
1427 169 1469 205 41

159 274 201 312 Si
220 278 260 312 te
278 278 396 324 grata
415 273 524 324 quies
542 275 584 310 et
603 273 772 322 primam
790 284 948 309 somnus
966 271 1007 308 in
1027 270 1164 308 horam

159 335 354 383 Delectat,
374 335 408 373 si
423 338 466 373 te
483 334 613 385 pulvis
632 335 898 384 strepitusque
916 336 1106 378 rotarum,

159 396 201 435 Si
218 397 338 435 laedit
355 409 546 447 caupona,
568 395 826 434 Ferentinum
845 396 902 432 ire
921 395 1061 432 iubebo
1077 406 1084 430 ε

157 458 264 496 Nam
283 470 412 508 neque
430 457 621 495 divitibus
641 457 878 506 contingunt
898 455 1041 505 gaudia
1060 454 1162 501 solis,

158 519 242 557 Nec
259 519 360 557 vixit
378 519 494 566 male,
514 519 583 569 qui
603 522 724 556 natus
743 518 988 568 moriensque
1007 516 1160 554 fefellit.
1433 531 1476 555 10

158 581 199 618 Si
216 580 394 631 prodesse
413 580 492 617 tuis
510 579 719 629 paulloque
738 579 944 629 benignius
963 579 1091 628 ipsum

156 642 210 680 Te
228 646 404 680 tractare
422 642 536 688 voles,
557 641 713 679 accedes
730 641 852 678 siccus
871 641 921 678 ad
939 644 1117 678 unctum.

159 707 180 724 “
197 703 239 741 Si
267 703 481 754 pranderet
499 703 583 739 olus
603 702 812 752 patienter,
834 701 993 750 regibus
1013 701 1074 737 uti

155 765 291 803 Nollet
309 764 574 814 Aristippus.”
630 767 651 786 ‘⁶
668 763 709 801 Si
727 763 843 800 sciret
861 763 1017 812 regibus
1036 762 1107 808 uti,

156 826 370 864 Fastidiret
388 826 484 873 olus,
505 825 574 875 qui
591 837 654 863 me
671 823 821 862 notat.'’
876 824 1020 862 Utrius
1039 824 1181 861 horum
1432 837 1472 873 15

155 887 292 926 Verba
310 888 448 938 probes
466 891 507 925 et
525 887 634 925 facta
653 887 755 932 doce,
776 887 837 923 vel
855 886 985 924 iunior
1004 885 1108 932 audi,

155 951 236 988 Gur
253 949 305 987 sit
324 948 523 999 Aristippi
542 948 672 999 potior
691 948 902 986 sententia.
958 948 1141 997 Namque

156 1011 380 1049 Mordacem
400 1010 590 1061 Cynicum
611 1010 665 1047 sic
683 1009 879 1057 eludebat,
901 1013 947 1047 ut
966 1010 1080 1047 aiunt
1097 1022 1104 1045 :

156 1075 178 1094 “
195 1073 360 1110 Scurror
377 1085 448 1122 ego
466 1072 549 1122 ipse
566 1071 676 1118 mihi,
696 1071 839 1121 populo
858 1075 904 1108 tu
919 1083 926 1108 :
956 1071 1099 1108 rectius
1118 1070 1188 1107 hoc
1206 1073 1247 1107 et

155 1133 402 1184 Splendidius
419 1133 595 1170 multost.
653 1132 790 1183 Equus
809 1135 856 1168 ut
875 1144 936 1169 me
955 1134 1098 1181 portet,
1121 1130 1206 1168 alat
1225 1143 1304 1177 rex,
1428 1145 1473 1168 20

154 1195 332 1233 Officium
351 1194 475 1232 facio:
503 1198 550 1231 tu
570 1194 692 1243 poscis
710 1193 817 1240 vilia,
837 1205 975 1230 verum

155 1257 290 1294 Dante
308 1255 447 1302 minor,
468 1255 650 1305 quamvis
667 1254 747 1292 fers
766 1258 806 1292 te
826 1254 975 1291 nullius
994 1253 1207 1303 egentem.”

154 1318 290 1356 Omnis
310 1318 562 1367 Aristippum
583 1317 714 1354 decuit
733 1316 836 1354 color
854 1321 894 1353 et
914 1319 1043 1353 status
1061 1319 1102 1352 et
1122 1327 1193 1361 reS,

152 1381 432 1430 Temptantem
452 1379 614 1425 maiora,
636 1378 718 1416 fere
738 1378 1010 1428 praesentibus
1029 1390 1208 1426 aequum.

154 1441 314 1488 Contra,
336 1452 453 1490 quem
474 1439 619 1490 duplici
637 1452 770 1489 panno
790 1439 985 1489 patientia
1004 1438 1122 1485 velat,
1427 1453 1469 1488 25

154 1502 345 1549 Mirabor,
367 1501 474 1539 vitae
494 1501 559 1538 via
577 1501 610 1538 si
628 1513 816 1538 conversa
835 1500 995 1537 decebit.

151 1563 271 1601 Alter
289 1575 533 1613 purpureum
551 1575 632 1600 non
650 1562 891 1612 exspectabit
908 1562 1106 1608 amictum,

152 1625 353 1672 Quidlibet
372 1624 535 1662 indutus
553 1624 806 1661 celeberrima
826 1636 894 1673 per
912 1623 996 1660 loca
1015 1623 1143 1669 vadet,

151 1688 442 1736 Personamque
460 1685 562 1723 feret
579 1698 659 1724 non
677 1686 934 1723 inconcinnus
952 1691 1159 1735 utramque
1175 1699 1184 1731 ;

151 1748 270 1786 Alter
290 1748 423 1786 Mileti
442 1751 594 1785 textam
614 1760 710 1785 cane
728 1747 838 1797 peius
858 1751 898 1784 et
916 1747 1036 1796 angui
1427 1761 1474 1796 30

151 1809 313 1847 Vitabit
331 1808 589 1858 chlamydem,
612 1808 803 1846 morietur
823 1808 980 1858 frigore,
999 1808 1031 1845 si
1051 1821 1127 1844 non

152 1870 371 1908 Rettuleris
389 1883 580 1920 pannum.
639 1869 760 1907 Refer
779 1873 819 1907 et
837 1870 921 1907 sine
939 1869 1050 1907 vivat
1068 1870 1224 1919 ineptus
1243 1872 1250 1907 1

152 1933 231 1970 Res
249 1944 383 1982 gerere
401 1935 443 1969 et
461 1935 595 1981 captos
613 1931 817 1969 ostendere
835 1931 985 1968 civibus
1003 1931 1144 1977 hostes,

150 1993 334 2044 Attingit
352 1993 493 2031 solium
513 1993 619 2031 Iovis
637 1997 678 2031 et
696 1993 878 2030 caelestia
897 1997 1069 2042 temptat
1086 2006 1093 2029 :

151 2054 400 2105 Prmcipibus
418 2055 607 2104 placuisse
626 2055 719 2092 viris
738 2068 815 2092 non
836 2055 978 2092 ultima
997 2054 1083 2092 laus
1101 2059 1171 2092 est.
1424 2068 1468 2103 35

151 2116 245 2154 Non
263 2115 386 2153 cuivis
405 2115 554 2153 homini
573 2116 769 2165 contingit
787 2115 896 2153 adire
916 2115 1162 2154 Corinthum.

152 2176 262 2215 Sedit
280 2177 348 2227 qui
367 2177 515 2225 timuit,
536 2190 585 2215 ne
604 2189 682 2214 non
701 2177 945 2215 succederet:
974 2182 1067 2215 esto.

151 2238 255 2284 Quid
268 2239 282 2276 ‘l
301 2239 369 2290 qui
383 2239 562 2290 pervenit
577 2238 722 2277 fecitne
737 2239 931 2277 viriliter?
985 2240 1111 2290 Atqui

152 2300 231 2338 Hic
249 2304 309 2338 est
327 2305 400 2338 aut
418 2313 626 2351 nusquam,
647 2301 748 2351 quod
767 2301 1004 2351 quaerimus.
1064 2301 1140 2337 Hic.
1157 2313 1255 2338 onus
1270 2301 1412 2341 horret,

150 2363 212 2402 Ut
230 2362 362 2414 parvis
380 2363 521 2400 animis
540 2366 581 2400 et
600 2375 721 2415 parvo
740 2375 898 2413 corporo
914 2362 1037 2399 maius
1048 2376 1058 2410 5
1421 2376 1468 2408 ,φο
