1701 2605
177 158 252 200 128
745 165 926 195 HoRAcE.

175 262 421 314 Indignatur
439 262 537 300 item
556 260 724 313 privatis
745 273 790 298 ac
808 273 932 311 prope
953 270 1064 297 socco

175 328 322 378 Dignis
341 326 587 365 carminibus
607 325 763 362 narrari
784 337 881 362 cena
900 324 1109 374 Thyestae.

178 392 347 442 Singula
366 404 548 442 quaeque
567 390 700 427 locum
719 392 885 427 teneant
905 387 1049 425 sortita
1069 387 1287 425 decentem.

176 456 391 495 Interdum
410 459 546 493 tamen
565 458 606 492 et
624 467 760 491 vocem
780 452 984 490 comoedia
1003 451 1123 496 tollit,

177 523 395 570 Iratusque
415 520 606 558 Chremes
627 518 784 555 tumido
806 516 992 566 delitigat
1012 528 1093 562 ore3

178 586 234 623 Et
252 585 430 634 tragicus
450 584 687 634 plerumque
707 581 816 619 dolet
836 593 1017 619 sermone
1036 579 1225 630 pedestri,

177 650 377 700 Telephus
398 652 438 687 et
458 647 603 686 Peleus
624 660 715 684 cum
734 658 888 697 pauper
906 648 947 683 et
966 644 1080 682 exsul
1099 647 1269 693 uterque

178 714 332 752 Proicit
353 712 552 764 ampullas
572 715 613 750 et
633 709 929 761 sesquipedalia
949 708 1080 753 verba,

180 779 222 816 Si
241 780 356 816 curat
376 790 443 815 cor
463 775 682 827 spectantis
701 773 883 823 tetigisse
903 772 1090 823 querella.

232 843 326 880 Non
347 841 446 879 satis
466 844 527 878 est
546 839 715 891 pulchra
734 851 820 876 esse
839 840 1028 888 poemata
1044 853 1050 874 :
1083 835 1216 873 duleis„
1236 838 1356 873 sunto

180 908 247 952 Et,
269 918 522 957 quocumque
540 904 686 948 volent,
709 902 890 940 aninum]
910 900 1106 938 auditoris
1127 903 1290 949 agunto.

180 972 239 1010 Ut
258 970 488 1008 ridentibus
509 968 699 1011 arrident,
720 967 779 1004 ita
798 965 992 1004 fientibus
1013 964 1165 1002 adflent

181 1035 365 1074 Humani
384 1033 518 1071 voltus
536 1050 542 1070 :
574 1032 608 1070 si
627 1032 687 1069 vis
707 1044 771 1069 me
791 1030 896 1074 fiere,
918 1029 1137 1067 dolendum
1156 1030 1218 1065 est

181 1100 367 1138 Primum
387 1097 465 1148 ipsi
483 1097 580 1134 tibi:
611 1100 701 1133 tum
719 1098 792 1132 tua
810 1108 874 1132 me
893 1093 1121 1131 infortunia
1139 1092 1311 1135 laedent,

182 1164 354 1215 Telephe
374 1163 437 1200 vel
456 1161 600 1200 Peleu:
632 1159 736 1197 male
757 1159 790 1196 si
811 1158 1004 1196 mandata
1018 1156 1207 1207 loqueris,

182 1227 269 1264 Aut
288 1224 514 1263 dormitabo
535 1226 607 1260 aut
626 1222 774 1259 ridebo.
831 1219 980 1258 Tristia
999 1222 1199 1256 maestum

181 1290 351 1328 Voltum
370 1288 490 1326 verba
509 1287 661 1331 decent,
682 1285 831 1323 iratum
850 1284 969 1335 plena
988 1283 1201 1327 minarum,

182 1355 411 1393 Ludentem
429 1352 588 1396 lasciva,
611 1363 792 1388 severum
813 1349 915 1387 seria
934 1348 1056 1385 dictu.

184 1420 352 1457 Format
371 1417 478 1455 enim
497 1418 645 1453 natura
663 1414 775 1465 prius
795 1426 868 1451 nos
888 1412 999 1449 intus
1019 1411 1072 1449 ad
1091 1423 1250 1448 omnem

185 1484 460 1521 Fortunarum
478 1479 685 1517 habitum:
718 1478 831 1515 iuvat
850 1480 921 1514 aut
940 1475 1111 1526 impellit
1130 1475 1182 1512 ad
1202 1475 1314 1518 iram,

185 1548 272 1585 Aut
291 1546 343 1583 ad
362 1546 532 1582 humum
551 1555 728 1580 maerore
748 1541 860 1591 gravi
880 1540 1042 1578 deducit
1061 1542 1101 1576 et
1121 1538 1256 1587 angit3

187 1613 288 1649 Post
307 1611 424 1649 effert
443 1608 568 1647 animi
587 1610 722 1645 motus
743 1606 962 1656 interprete
982 1604 1131 1653 lingua.

190 1676 231 1714 Si
252 1675 421 1713 dicentis
437 1676 556 1711 erunt
574 1671 752 1710 fortunis
772 1671 924 1708 absona
943 1669 1061 1712 dicta,

191 1737 365 1775 Romani
385 1735 530 1773 tollent
548 1734 704 1784 equites
725 1732 960 1783 peditesque
979 1730 1231 1768 cachinnum.

190 1801 384 1840 Intererit
402 1799 590 1843 multum,
613 1798 782 1835 divusne
802 1796 995 1846 loquatur
1014 1808 1066 1832 an
1085 1795 1213 1838 heros,

190 1867 431 1904 Maturusne
452 1876 569 1901 senex
590 1875 641 1899 an
662 1861 794 1899 adhuc
813 1860 980 1898 florente
999 1859 1164 1896 iuventa

191 1929 399 1973 Fervidus,
420 1930 460 1966 et
479 1930 665 1964 matrona
684 1928 826 1976 potens
847 1937 898 1962 an
919 1923 1057 1961 sedula
1076 1921 1224 1965 nutrix,

192 1994 444 2032 Mercatorne
464 2004 590 2040 vagus
611 1989 793 2028 cultorne
812 1988 978 2025 virentis
1000 1986 1130 2036 agelli,

193 2058 365 2096 Colchus
382 2070 432 2093 an
452 2055 656 2105 Assyrius,
678 2053 825 2091 Thebis
845 2052 1027 2089 nutritus
1048 2064 1099 2088 an
1120 2049 1252 2097 Argis.

245 2122 332 2159 Aut
350 2122 503 2158 famam
524 2131 687 2169 sequere
707 2120 779 2155 aut
799 2116 875 2154 sibi
895 2114 1171 2154 convenientia
1189 2113 1306 2162 finge,

196 2186 384 2236 Scriptor.
441 2184 701 2222 Honoratum
721 2182 754 2219 si
773 2181 879 2218 forte
899 2179 1059 2230 reponis
1080 2177 1288 2219 Achillem,

195 2250 384 2300 Impiger,
407 2248 637 2291 iracundus,
659 2244 926 2287 inexorabilis,
948 2256 1036 2280 acer

196 2315 294 2352 Iura
307 2316 424 2362 neget
441 2312 517 2349 sibi
537 2315 644 2355 nata,
659 2310 756 2347 nihi]
779 2322 859 2346 non
879 2310 1037 2355 arroget
1058 2305 1190 2343 arinis.

1450 266 1498 304 “JO

1454 588 1499 625 95

1434 911 1505 935 100

1440 1229 1505 1263 105

1443 1549 1511 1573 110

1446 1866 1511 1901 115

1451 2186 1518 2209 120
