1701 2605
657 205 736 232 ARS
767 204 957 232 POETICA.

193 297 304 336 Neve
322 297 456 336 minor
474 310 554 335 neu
574 297 628 335 sit
647 296 791 348 quinto
810 296 1044 348 productior
1064 299 1158 334 actu

139 361 308 406 Fabula,
330 375 434 414 quae
452 362 563 413 posci
582 361 668 399 volt
685 366 726 399 et
747 361 966 412 spectanda
985 361 1136 411 reponi,

139 427 224 465 Nec
243 426 344 464 deus
364 426 536 470 intersit,
557 426 637 464 nisi
657 426 805 476 dignus
826 425 983 463 vindice
1003 425 1134 463 nodus

139 490 346 535 Inciderit,
367 504 439 529 nec
459 494 606 541 quarta
624 490 736 541 loqui
755 503 927 540 persona
947 489 1112 527 laboret.

143 554 306 594 Actoris
326 558 462 606 partes
482 555 627 593 chorus
647 555 901 605 officiumque
921 554 1034 592 virile

143 619 361 664 Defendat,
382 633 461 657 neu
481 619 580 670 quid
599 619 752 657 medios
773 619 989 657 intercinat
1009 623 1136 662 actus,

143 683 263 731 Quod
281 697 363 722 non
382 684 588 735 proposito
609 683 807 721 conducat
825 687 866 721 et
885 683 1048 721 haereat
1067 686 1171 732 apte.

143 748 218 787 Ι116
238 748 355 786 1)ο1113
375 749 590 799 faveatque
609 752 651 786 et
669 747 903 786 consilietur
922 747 1047 784 amice

142 813 200 851 Et
218 816 333 863 regat
354 813 478 851 iratos
502 816 542 851 et
561 816 669 851 amet
689 824 850 863 peccare
868 811 1071 855 timentes,

137 876 213 915 Ille
232 876 356 927 dapes
375 876 514 915 laudet
534 889 694 914 mensae
713 876 857 920 brevis,
879 875 945 913 ille
966 875 1167 913 salubrem

137 941 347 979 Iustitiam
366 941 554 991 legesque
573 945 614 979 et
633 941 784 992 apertis
804 940 887 978 otia
906 940 1034 990 portis
1050 956 1057 986 ;

136 1005 212 1044 Ille
231 1009 345 1055 tegat
362 1006 576 1043 commissa
596 1006 770 1055 deosque
790 1008 973 1055 precetur
991 1008 1032 1042 et
1051 1009 1148 1045 oret,

136 1070 195 1108 Ut
214 1070 353 1107 redeat
371 1070 542 1114 miseris,
563 1070 682 1108 abeat
702 1070 886 1107 Fortuna
906 1069 1101 1119 superbis.

190 1133 308 1172 Tibia
327 1147 420 1178 non,
441 1139 489 1171 ut
507 1146 626 1179 nunc,
649 1133 846 1171 orichalco
867 1133 1004 1170 vincta
1022 1133 1224 1181 tubaeque

134 1198 320 1242 Aemula,
342 1198 411 1236 sed
432 1199 566 1236 tenuis
587 1197 837 1248 simplexque
856 1196 1057 1234 foramine
1078 1208 1204 1247 pauco

136 1262 358 1313 Adspirare
378 1267 418 1300 et
438 1263 576 1301 adesse
595 1262 726 1300 choris
746 1266 833 1299 erat
853 1261 966 1298 utilis
986 1264 1112 1311 atque

137 1326 330 1364 Nondum
351 1327 482 1377 spissa
500 1327 621 1364 nimis
640 1325 838 1377 complere
859 1325 999 1363 sedilia
1018 1324 1140 1362 flatu:

137 1390 228 1437 Quo
249 1403 344 1428 sane
364 1391 539 1442 populus
560 1390 834 1434 numerabilis,
855 1393 997 1440 utpote
1017 1402 1179 1439 parvus,

139 1455 196 1493 Et
214 1454 325 1504 frugi
345 1459 561 1505 castusque
580 1455 909 1504 verecundusque
928 1453 1073 1491 coibat.

138 1519 366 1568 Postquam
384 1519 515 1570 coepit
534 1532 652 1568 agros
673 1518 884 1557 extendere
904 1517 1032 1555 victor
1050 1521 1089 1554 et
1110 1516 1228 1553 urbes

140 1583 281 1620 Latior
300 1582 487 1633 amplecti
507 1596 649 1620 murus
669 1583 843 1633 vinoque
863 1582 1009 1619 diurno

138 1646 297 1685 Placari
317 1647 471 1686 Genius
490 1647 607 1685 festis
628 1647 792 1697 impune
813 1646 968 1689 diebus,

137 1711 318 1749 Accessit
338 1712 597 1762 numerisque
617 1711 826 1760 modisque
847 1710 1007 1747 licentia
1027 1708 1164 1746 maior.

136 1775 334 1813 Indoctus
354 1776 454 1826 quid
472 1776 580 1814 enim
601 1778 759 1826 saperet
782 1774 958 1823 liber-(pie
978 1773 1163 1810 laborum

137 1839 331 1877 Rusticus
352 1840 508 1878 urbano
527 1841 732 1882 confusus,
755 1839 886 1889 turpis
907 1838 1107 1875 honesto?

136 1904 200 1942 Sic
220 1903 373 1954 priscae
393 1909 630 1954 motumque
649 1908 689 1941 et
708 1903 905 1941 luxuriem
926 1901 1081 1939 addidit
1103 1901 1181 1938 arti

135 1968 299 2006 Tibicen
320 1968 522 2018 traxitque
543 1982 668 2017 vagus
690 1981 759 2018 per
778 1966 937 2017 pulpita
957 1970 1106 2003 vestem
1123 1982 1129 2010 ;

138 2033 202 2071 Sic
221 2032 345 2071 etiam
366 2033 514 2070 fidibus
535 2046 648 2070 voces
669 2044 826 2069 crevere
846 2030 1006 2073 severis,

138 2097 194 2134 Et
212 2096 310 2134 tulit
329 2096 535 2147 eloquium
558 2096 765 2134 insolitum
787 2094 980 2132 facundia
1002 2106 1199 2144 praeceps,

137 2159 392 2210 Utiliumque
413 2173 535 2209 sagax
556 2173 689 2198 rerum
708 2163 749 2197 et
769 2158 906 2195 diviua
928 2158 1057 2194 futuri

138 2223 349 2273 Sortilegis
370 2237 451 2261 non
470 2221 913 2275 discrepuit-sententia
934 2220 1114 2271 Delphis.

190 2287 378 2325 Carmine
398 2287 468 2338 qui
489 2287 642 2335 tragico
663 2286 782 2324 vilem
802 2284 973 2323 certavit
992 2284 1043 2320 ob
1066 2283 1233 2324 biri-um.

137 2351 234 2389 Mox
253 2351 378 2389 etiam
397 2355 576 2401 agrestes
596 2351 762 2403 Satyros
781 2348 952 2388 nudavit
971 2354 1011 2385 ct
1030 2360 1147 2398 asper

1398 192 1471 232 131

1398 374 1469 408 190

1400 694 1466 730 195

1393 1015 1466 1040 200

1395 1336 1464 1373 ²05

1396 1656 1468 1681 210

1392 1976 1461 2011 215

1392 2294 1463 2318 210
