<?xml version="1.0" encoding="UTF-8"?>
<!DOCTYPE html PUBLIC "-//W3C//DTD XHTML 1.0 Transitional//EN"
    "http://www.w3.org/TR/xhtml1/DTD/xhtml1-transitional.dtd">
<html xmlns="http://www.w3.org/1999/xhtml" xml:lang="en" lang="en">
 <head>
  <title>
</title>
<meta http-equiv="Content-Type" content="text/html;charset=utf-8" />
  <meta name='ocr-system' content='tesseract 3.04.00' />
  <meta name='ocr-capabilities' content='ocr_page ocr_carea ocr_par ocr_line ocrx_word'/>
</head>
<body>
  <div class='ocr_page' id='page_1' title='image "./epistles00horauoft_0134.png"; bbox 0 0 1701 2605; ppageno 0'>
   <div class='ocr_carea' id='block_1_1' title="bbox 204 182 960 220">
    <p class='ocr_par' dir='ltr' id='par_1_1' title="bbox 204 182 960 220">
     <span class='ocr_line' id='line_1_1' title="bbox 204 182 960 220; baseline -0.003 -1"><span class='ocrx_word' id='word_1_1' title='bbox 204 182 279 220; x_wconf 78' lang='lat'>130</span> <span class='ocrx_word' id='word_1_2' title='bbox 776 193 960 218; x_wconf 78' lang='lat' dir='ltr'>HORACE.</span> 
     </span>
    </p>
   </div>
   <div class='ocr_carea' id='block_1_2' title="bbox 196 283 1328 2245">
    <p class='ocr_par' dir='ltr' id='par_1_2' title="bbox 196 283 1328 2245">
     <span class='ocr_line' id='line_1_2' title="bbox 201 283 1124 334; baseline -0.004 -11"><span class='ocrx_word' id='word_1_3' title='bbox 201 285 361 323; x_wconf 79' lang='lat' dir='ltr'>Aetatis</span> <span class='ocrx_word' id='word_1_4' title='bbox 381 284 575 334; x_wconf 86' lang='lat' dir='ltr'>cuiusque</span> <span class='ocrx_word' id='word_1_5' title='bbox 594 283 763 321; x_wconf 88' lang='lat' dir='ltr'>notandi</span> <span class='ocrx_word' id='word_1_6' title='bbox 784 286 880 320; x_wconf 88' lang='lat' dir='ltr'>sunt</span> <span class='ocrx_word' id='word_1_7' title='bbox 899 283 975 320; x_wconf 86' lang='lat' dir='ltr'>tibi</span> <span class='ocrx_word' id='word_1_8' title='bbox 995 295 1124 320; x_wconf 85' lang='lat' dir='ltr'>mores</span> 
     </span>
     <span class='ocr_line' id='line_1_3' title="bbox 201 346 1221 399; baseline -0.004 -12"><span class='ocrx_word' id='word_1_9' title='bbox 201 349 503 399; x_wconf 89' lang='lat' dir='ltr'>Mobilibusque</span> <span class='ocrx_word' id='word_1_10' title='bbox 523 348 640 386; x_wconf 89' lang='lat' dir='ltr'>decor</span> <span class='ocrx_word' id='word_1_11' title='bbox 658 347 830 385; x_wconf 84' lang='lat' dir='ltr'>maturis</span> <span class='ocrx_word' id='word_1_12' title='bbox 852 347 1011 384; x_wconf 85' lang='lat' dir='ltr'>dandus</span> <span class='ocrx_word' id='word_1_13' title='bbox 1030 350 1071 384; x_wconf 90' lang='lat' dir='ltr'>et</span> <span class='ocrx_word' id='word_1_14' title='bbox 1091 346 1221 384; x_wconf 85' lang='lat' dir='ltr'>annis.</span> 
     </span>
     <span class='ocr_line' id='line_1_4' title="bbox 201 411 1227 463; baseline -0.004 -11"><span class='ocrx_word' id='word_1_15' title='bbox 201 413 383 452; x_wconf 80' lang='lat' dir='ltr'>Reddere</span> <span class='ocrx_word' id='word_1_16' title='bbox 402 412 473 463; x_wconf 91' lang='lat' dir='ltr'>qui</span> <span class='ocrx_word' id='word_1_17' title='bbox 491 425 604 450; x_wconf 87' lang='lat' dir='ltr'>voces</span> <span class='ocrx_word' id='word_1_18' title='bbox 625 411 706 449; x_wconf 88' lang='lat' dir='ltr'>iam</span> <span class='ocrx_word' id='word_1_19' title='bbox 729 411 804 449; x_wconf 91' lang='lat' dir='ltr'>scit</span> <span class='ocrx_word' id='word_1_20' title='bbox 822 423 922 461; x_wconf 87' lang='lat' dir='ltr'>puer</span> <span class='ocrx_word' id='word_1_21' title='bbox 941 414 982 448; x_wconf 90' lang='lat' dir='ltr'>et</span> <span class='ocrx_word' id='word_1_22' title='bbox 1000 411 1100 461; x_wconf 89' lang='lat' dir='ltr'>pede</span> <span class='ocrx_word' id='word_1_23' title='bbox 1119 414 1227 448; x_wconf 84' lang='lat' dir='ltr'>certo</span> 
     </span>
     <span class='ocr_line' id='line_1_5' title="bbox 202 475 1277 526; baseline -0.003 -11"><span class='ocrx_word' id='word_1_24' title='bbox 202 477 345 526; x_wconf 80' lang='lat' dir='ltr'>Signat</span> <span class='ocrx_word' id='word_1_25' title='bbox 363 477 545 520; x_wconf 87' lang='lat' dir='ltr'>humum,</span> <span class='ocrx_word' id='word_1_26' title='bbox 567 476 690 525; x_wconf 80' lang='lat' dir='ltr'>gestit</span> <span class='ocrx_word' id='word_1_27' title='bbox 709 475 877 526; x_wconf 85' lang='lat' dir='ltr'>paribus</span> <span class='ocrx_word' id='word_1_28' title='bbox 897 475 1096 512; x_wconf 76' lang='lat' dir='ltr'>colludere</span> <span class='ocrx_word' id='word_1_29' title='bbox 1115 479 1155 512; x_wconf 91' lang='lat' dir='ltr'>et</span> <span class='ocrx_word' id='word_1_30' title='bbox 1174 475 1277 512; x_wconf 89' lang='lat' dir='ltr'>iram</span> 
     </span>
     <span class='ocr_line' id='line_1_6' title="bbox 201 538 1203 591; baseline -0.003 -12"><span class='ocrx_word' id='word_1_31' title='bbox 201 541 366 591; x_wconf 82' lang='lat' dir='ltr'>Colligit</span> <span class='ocrx_word' id='word_1_32' title='bbox 383 554 429 578; x_wconf 89' lang='lat' dir='ltr'>ac</span> <span class='ocrx_word' id='word_1_33' title='bbox 448 540 563 590; x_wconf 89' lang='lat' dir='ltr'>ponit</span> <span class='ocrx_word' id='word_1_34' title='bbox 581 543 730 577; x_wconf 89' lang='lat' dir='ltr'>temere</span> <span class='ocrx_word' id='word_1_35' title='bbox 748 543 789 577; x_wconf 87' lang='lat' dir='ltr'>et</span> <span class='ocrx_word' id='word_1_36' title='bbox 808 542 992 576; x_wconf 87' lang='lat' dir='ltr'>mutatur</span> <span class='ocrx_word' id='word_1_37' title='bbox 1010 538 1052 575; x_wconf 86' lang='lat' dir='ltr'>in</span> <span class='ocrx_word' id='word_1_38' title='bbox 1072 539 1203 577; x_wconf 87' lang='lat' dir='ltr'>horas.</span> 
     </span>
     <span class='ocr_line' id='line_1_7' title="bbox 200 603 1143 647; baseline -0.003 -4"><span class='ocrx_word' id='word_1_39' title='bbox 200 605 401 643; x_wconf 86' lang='lat' dir='ltr'>Inberbus</span> <span class='ocrx_word' id='word_1_40' title='bbox 421 604 588 647; x_wconf 88' lang='lat' dir='ltr'>iuvenis,</span> <span class='ocrx_word' id='word_1_41' title='bbox 608 604 775 641; x_wconf 88' lang='lat' dir='ltr'>tandem</span> <span class='ocrx_word' id='word_1_42' title='bbox 793 603 958 641; x_wconf 86' lang='lat' dir='ltr'>custode</span> <span class='ocrx_word' id='word_1_43' title='bbox 977 606 1143 647; x_wconf 89' lang='lat' dir='ltr'>remoto,</span> 
     </span>
     <span class='ocr_line' id='line_1_8' title="bbox 201 666 1328 718; baseline -0.004 -11"><span class='ocrx_word' id='word_1_44' title='bbox 201 669 363 707; x_wconf 78' lang='lat' dir='ltr'>Gaudet</span> <span class='ocrx_word' id='word_1_45' title='bbox 381 668 494 718; x_wconf 89' lang='lat' dir='ltr'>equis</span> <span class='ocrx_word' id='word_1_46' title='bbox 514 667 762 717; x_wconf 79' lang='lat' dir='ltr'>canibusque</span> <span class='ocrx_word' id='word_1_47' title='bbox 781 670 822 705; x_wconf 91' lang='lat' dir='ltr'>et</span> <span class='ocrx_word' id='word_1_48' title='bbox 842 667 966 717; x_wconf 87' lang='lat' dir='ltr'>aprici</span> <span class='ocrx_word' id='word_1_49' title='bbox 986 666 1166 716; x_wconf 80' lang='lat' dir='ltr'>gramine</span> <span class='ocrx_word' id='word_1_50' title='bbox 1186 667 1328 717; x_wconf 85' lang='lat' dir='ltr'>campi,</span> 
     </span>
     <span class='ocr_line' id='line_1_9' title="bbox 201 731 1155 781; baseline -0.004 -10"><span class='ocrx_word' id='word_1_51' title='bbox 201 733 348 772; x_wconf 80' lang='lat' dir='ltr'>Cereus</span> <span class='ocrx_word' id='word_1_52' title='bbox 367 733 410 770; x_wconf 89' lang='lat' dir='ltr'>in</span> <span class='ocrx_word' id='word_1_53' title='bbox 429 732 575 770; x_wconf 87' lang='lat' dir='ltr'>vitium</span> <span class='ocrx_word' id='word_1_54' title='bbox 594 731 712 776; x_wconf 87' lang='lat' dir='ltr'>flecti,</span> <span class='ocrx_word' id='word_1_55' title='bbox 732 731 1000 769; x_wconf 87' lang='lat' dir='ltr'>monitoribus</span> <span class='ocrx_word' id='word_1_56' title='bbox 1027 743 1155 781; x_wconf 88' lang='lat' dir='ltr'>asper,</span> 
     </span>
     <span class='ocr_line' id='line_1_10' title="bbox 199 794 1103 846; baseline -0.004 -11"><span class='ocrx_word' id='word_1_57' title='bbox 199 797 375 835; x_wconf 80' lang='lat' dir='ltr'>Utiljum</span> <span class='ocrx_word' id='word_1_58' title='bbox 392 796 535 834; x_wconf 85' lang='lat' dir='ltr'>tardus</span> <span class='ocrx_word' id='word_1_59' title='bbox 554 796 746 846; x_wconf 81' lang='lat' dir='ltr'>provisor,</span> <span class='ocrx_word' id='word_1_60' title='bbox 768 795 962 845; x_wconf 77' lang='lat' dir='ltr'>prodigus</span> <span class='ocrx_word' id='word_1_61' title='bbox 989 794 1103 839; x_wconf 88' lang='lat' dir='ltr'>aeris,</span> 
     </span>
     <span class='ocr_line' id='line_1_11' title="bbox 200 858 1290 910; baseline -0.003 -12"><span class='ocrx_word' id='word_1_62' title='bbox 200 860 393 898; x_wconf 82' lang='lat' dir='ltr'>Sublimis</span> <span class='ocrx_word' id='word_1_63' title='bbox 413 860 663 910; x_wconf 86' lang='lat' dir='ltr'>cupidusque</span> <span class='ocrx_word' id='word_1_64' title='bbox 682 862 722 897; x_wconf 92' lang='lat' dir='ltr'>et</span> <span class='ocrx_word' id='word_1_65' title='bbox 742 862 877 896; x_wconf 89' lang='lat' dir='ltr'>amata</span> <span class='ocrx_word' id='word_1_66' title='bbox 896 858 1120 908; x_wconf 83' lang='lat' dir='ltr'>relinquere</span> <span class='ocrx_word' id='word_1_67' title='bbox 1141 858 1290 908; x_wconf 78' lang='lat' dir='ltr'>pernix.</span> 
     </span>
     <span class='ocr_line' id='line_1_12' title="bbox 200 922 1118 972; baseline -0.005 -9"><span class='ocrx_word' id='word_1_68' title='bbox 200 924 412 963; x_wconf 82' lang='lat' dir='ltr'>Conversis</span> <span class='ocrx_word' id='word_1_69' title='bbox 433 924 579 961; x_wconf 86' lang='lat' dir='ltr'>studiis</span> <span class='ocrx_word' id='word_1_70' title='bbox 600 926 711 961; x_wconf 84' lang='lat' dir='ltr'>aetas</span> <span class='ocrx_word' id='word_1_71' title='bbox 731 923 971 972; x_wconf 87' lang='lat' dir='ltr'>animusque</span> <span class='ocrx_word' id='word_1_72' title='bbox 991 922 1118 959; x_wconf 85' lang='lat' dir='ltr'>virilis</span> 
     </span>
     <span class='ocr_line' id='line_1_13' title="bbox 200 986 1132 1039; baseline -0.004 -12"><span class='ocrx_word' id='word_1_73' title='bbox 200 989 368 1037; x_wconf 80' lang='lat' dir='ltr'>Quaerit</span> <span class='ocrx_word' id='word_1_74' title='bbox 387 1001 481 1039; x_wconf 89' lang='lat' dir='ltr'>opes</span> <span class='ocrx_word' id='word_1_75' title='bbox 500 991 541 1026; x_wconf 92' lang='lat' dir='ltr'>et</span> <span class='ocrx_word' id='word_1_76' title='bbox 560 987 769 1031; x_wconf 87' lang='lat' dir='ltr'>amicitias,</span> <span class='ocrx_word' id='word_1_77' title='bbox 790 987 958 1024; x_wconf 90' lang='lat' dir='ltr'>inservit</span> <span class='ocrx_word' id='word_1_78' title='bbox 977 986 1132 1031; x_wconf 87' lang='lat' dir='ltr'>honori,</span> 
     </span>
     <span class='ocr_line' id='line_1_14' title="bbox 198 1050 1189 1102; baseline -0.004 -11"><span class='ocrx_word' id='word_1_79' title='bbox 198 1053 457 1092; x_wconf 87' lang='lat' dir='ltr'>Commisisse</span> <span class='ocrx_word' id='word_1_80' title='bbox 476 1055 588 1090; x_wconf 86' lang='lat' dir='ltr'>cavet</span> <span class='ocrx_word' id='word_1_81' title='bbox 608 1051 716 1102; x_wconf 90' lang='lat' dir='ltr'>quod</span> <span class='ocrx_word' id='word_1_82' title='bbox 734 1064 826 1088; x_wconf 83' lang='lat' dir='ltr'>mox</span> <span class='ocrx_word' id='word_1_83' title='bbox 845 1054 1004 1088; x_wconf 88' lang='lat' dir='ltr'>mutare</span> <span class='ocrx_word' id='word_1_84' title='bbox 1023 1050 1189 1088; x_wconf 91' lang='lat' dir='ltr'>laboret.</span> 
     </span>
     <span class='ocr_line' id='line_1_15' title="bbox 196 1114 1320 1164; baseline -0.004 -9"><span class='ocrx_word' id='word_1_85' title='bbox 196 1117 332 1155; x_wconf 88' lang='lat' dir='ltr'>Multa</span> <span class='ocrx_word' id='word_1_86' title='bbox 353 1130 486 1154; x_wconf 88' lang='lat' dir='ltr'>senem</span> <span class='ocrx_word' id='word_1_87' title='bbox 505 1115 824 1154; x_wconf 86' lang='lat' dir='ltr'>circumveniunt</span> <span class='ocrx_word' id='word_1_88' title='bbox 843 1114 1106 1158; x_wconf 87' lang='lat' dir='ltr'>incommoda,</span> <span class='ocrx_word' id='word_1_89' title='bbox 1127 1114 1190 1152; x_wconf 92' lang='lat' dir='ltr'>vel</span> <span class='ocrx_word' id='word_1_90' title='bbox 1209 1114 1320 1164; x_wconf 85' lang='lat' dir='ltr'>quod</span> 
     </span>
     <span class='ocr_line' id='line_1_16' title="bbox 201 1178 1254 1229; baseline -0.005 -10"><span class='ocrx_word' id='word_1_91' title='bbox 201 1181 371 1229; x_wconf 81' lang='lat' dir='ltr'>Quaerit</span> <span class='ocrx_word' id='word_1_92' title='bbox 388 1184 430 1219; x_wconf 90' lang='lat' dir='ltr'>et</span> <span class='ocrx_word' id='word_1_93' title='bbox 448 1179 623 1218; x_wconf 88' lang='lat' dir='ltr'>inventis</span> <span class='ocrx_word' id='word_1_94' title='bbox 643 1179 764 1217; x_wconf 89' lang='lat' dir='ltr'>miser</span> <span class='ocrx_word' id='word_1_95' title='bbox 783 1179 961 1216; x_wconf 88' lang='lat' dir='ltr'>abstinet</span> <span class='ocrx_word' id='word_1_96' title='bbox 980 1191 1024 1216; x_wconf 92' lang='lat' dir='ltr'>ac</span> <span class='ocrx_word' id='word_1_97' title='bbox 1042 1178 1161 1215; x_wconf 90' lang='lat' dir='ltr'>timet</span> <span class='ocrx_word' id='word_1_98' title='bbox 1180 1178 1254 1222; x_wconf 87' lang='lat' dir='ltr'>uti,</span> 
     </span>
     <span class='ocr_line' id='line_1_17' title="bbox 198 1242 1267 1295; baseline -0.005 -12"><span class='ocrx_word' id='word_1_99' title='bbox 198 1245 274 1283; x_wconf 88' lang='lat' dir='ltr'>Vel</span> <span class='ocrx_word' id='word_1_100' title='bbox 293 1245 402 1295; x_wconf 89' lang='lat' dir='ltr'>quod</span> <span class='ocrx_word' id='word_1_101' title='bbox 421 1258 484 1283; x_wconf 90' lang='lat' dir='ltr'>res</span> <span class='ocrx_word' id='word_1_102' title='bbox 503 1257 641 1282; x_wconf 90' lang='lat' dir='ltr'>omnes</span> <span class='ocrx_word' id='word_1_103' title='bbox 660 1243 802 1280; x_wconf 83' lang='lat' dir='ltr'>timide</span> <span class='ocrx_word' id='word_1_104' title='bbox 823 1243 1031 1292; x_wconf 82' lang='lat' dir='ltr'>gelideque</span> <span class='ocrx_word' id='word_1_105' title='bbox 1050 1242 1267 1285; x_wconf 87' lang='lat' dir='ltr'>ministrat,</span> 
     </span>
     <span class='ocr_line' id='line_1_18' title="bbox 199 1306 1159 1359; baseline -0.004 -12"><span class='ocrx_word' id='word_1_106' title='bbox 199 1309 360 1348; x_wconf 89' lang='lat' dir='ltr'>Dilator</span> <span class='ocrx_word' id='word_1_107' title='bbox 380 1322 449 1359; x_wconf 87' lang='lat' dir='ltr'>spe</span> <span class='ocrx_word' id='word_1_108' title='bbox 468 1309 625 1357; x_wconf 79' lang='lat' dir='ltr'>longus,</span> <span class='ocrx_word' id='word_1_109' title='bbox 646 1307 752 1345; x_wconf 87' lang='lat' dir='ltr'>iners</span> <span class='ocrx_word' id='word_1_110' title='bbox 773 1307 996 1356; x_wconf 88' lang='lat' dir='ltr'>avidusque</span> <span class='ocrx_word' id='word_1_111' title='bbox 1014 1306 1159 1350; x_wconf 78' lang='lat' dir='ltr'>futuri,</span> 
     </span>
     <span class='ocr_line' id='line_1_19' title="bbox 199 1367 1143 1420; baseline -0.004 -12"><span class='ocrx_word' id='word_1_112' title='bbox 199 1370 396 1415; x_wconf 89' lang='lat' dir='ltr'>Difficilis,</span> <span class='ocrx_word' id='word_1_113' title='bbox 418 1370 622 1420; x_wconf 86' lang='lat' dir='ltr'>querulus,</span> <span class='ocrx_word' id='word_1_114' title='bbox 643 1369 830 1406; x_wconf 86' lang='lat' dir='ltr'>laudator</span> <span class='ocrx_word' id='word_1_115' title='bbox 849 1367 1043 1418; x_wconf 89' lang='lat' dir='ltr'>temporis</span> <span class='ocrx_word' id='word_1_116' title='bbox 1064 1367 1143 1404; x_wconf 88' lang='lat' dir='ltr'>acti</span> 
     </span>
     <span class='ocr_line' id='line_1_20' title="bbox 201 1432 1114 1485; baseline -0.005 -12"><span class='ocrx_word' id='word_1_117' title='bbox 201 1435 251 1473; x_wconf 92' lang='lat' dir='ltr'>Se</span> <span class='ocrx_word' id='word_1_118' title='bbox 269 1447 405 1485; x_wconf 88' lang='lat' dir='ltr'>puero,</span> <span class='ocrx_word' id='word_1_119' title='bbox 426 1434 646 1483; x_wconf 80' lang='lat' dir='ltr'>castigator</span> <span class='ocrx_word' id='word_1_120' title='bbox 664 1445 882 1482; x_wconf 88' lang='lat' dir='ltr'>censorque</span> <span class='ocrx_word' id='word_1_121' title='bbox 901 1432 1114 1469; x_wconf 86' lang='lat' dir='ltr'>minorum.</span> 
     </span>
     <span class='ocr_line' id='line_1_21' title="bbox 199 1493 1223 1536; baseline -0.004 -3"><span class='ocrx_word' id='word_1_122' title='bbox 199 1496 334 1533; x_wconf 85' lang='lat' dir='ltr'>Multa</span> <span class='ocrx_word' id='word_1_123' title='bbox 352 1496 491 1534; x_wconf 77' lang='lat' dir='ltr'>ferunt</span> <span class='ocrx_word' id='word_1_124' title='bbox 511 1494 606 1533; x_wconf 91' lang='lat' dir='ltr'>anni</span> <span class='ocrx_word' id='word_1_125' title='bbox 626 1494 829 1532; x_wconf 88' lang='lat' dir='ltr'>venientes</span> <span class='ocrx_word' id='word_1_126' title='bbox 849 1493 1058 1531; x_wconf 88' lang='lat' dir='ltr'>commoda</span> <span class='ocrx_word' id='word_1_127' title='bbox 1078 1505 1223 1536; x_wconf 89' lang='lat' dir='ltr'>secum,</span> 
     </span>
     <span class='ocr_line' id='line_1_22' title="bbox 199 1555 1208 1597; baseline -0.006 1"><span class='ocrx_word' id='word_1_128' title='bbox 199 1560 334 1597; x_wconf 85' lang='lat' dir='ltr'>Multa</span> <span class='ocrx_word' id='word_1_129' title='bbox 354 1559 581 1597; x_wconf 83' lang='lat' dir='ltr'>recedentes</span> <span class='ocrx_word' id='word_1_130' title='bbox 601 1558 799 1596; x_wconf 85' lang='lat' dir='ltr'>adimunt.</span> <span class='ocrx_word' id='word_1_131' title='bbox 857 1558 919 1595; x_wconf 89' lang='lat' dir='ltr'>Ne</span> <span class='ocrx_word' id='word_1_132' title='bbox 938 1557 1044 1594; x_wconf 80' lang='lat' dir='ltr'>forte</span> <span class='ocrx_word' id='word_1_133' title='bbox 1065 1555 1208 1594; x_wconf 86' lang='lat' dir='ltr'>seniles</span> 
     </span>
     <span class='ocr_line' id='line_1_23' title="bbox 200 1620 1150 1672; baseline -0.004 -11"><span class='ocrx_word' id='word_1_134' title='bbox 200 1624 450 1661; x_wconf 88' lang='lat' dir='ltr'>Mandentur</span> <span class='ocrx_word' id='word_1_135' title='bbox 469 1622 604 1660; x_wconf 90' lang='lat' dir='ltr'>iuveni</span> <span class='ocrx_word' id='word_1_136' title='bbox 624 1625 758 1672; x_wconf 88' lang='lat' dir='ltr'>partes</span> <span class='ocrx_word' id='word_1_137' title='bbox 778 1633 983 1672; x_wconf 87' lang='lat' dir='ltr'>pueroque</span> <span class='ocrx_word' id='word_1_138' title='bbox 1002 1620 1150 1663; x_wconf 77' lang='lat' dir='ltr'>viriles,</span> 
     </span>
     <span class='ocr_line' id='line_1_24' title="bbox 202 1683 1249 1738; baseline -0.006 -13"><span class='ocrx_word' id='word_1_139' title='bbox 202 1687 366 1738; x_wconf 83' lang='lat' dir='ltr'>Semper</span> <span class='ocrx_word' id='word_1_140' title='bbox 385 1687 427 1724; x_wconf 92' lang='lat' dir='ltr'>in</span> <span class='ocrx_word' id='word_1_141' title='bbox 447 1686 648 1724; x_wconf 87' lang='lat' dir='ltr'>adiunctis</span> <span class='ocrx_word' id='word_1_142' title='bbox 668 1698 845 1735; x_wconf 88' lang='lat' dir='ltr'>aevoque</span> <span class='ocrx_word' id='word_1_143' title='bbox 864 1684 1111 1721; x_wconf 86' lang='lat' dir='ltr'>morabimur</span> <span class='ocrx_word' id='word_1_144' title='bbox 1130 1683 1249 1734; x_wconf 81' lang='lat' dir='ltr'>aptis.</span> 
     </span>
     <span class='ocr_line' id='line_1_25' title="bbox 252 1748 1217 1800; baseline -0.005 -11"><span class='ocrx_word' id='word_1_145' title='bbox 252 1751 339 1789; x_wconf 88' lang='lat' dir='ltr'>Aut</span> <span class='ocrx_word' id='word_1_146' title='bbox 358 1751 493 1800; x_wconf 80' lang='lat' dir='ltr'>agitur</span> <span class='ocrx_word' id='word_1_147' title='bbox 512 1764 574 1788; x_wconf 91' lang='lat' dir='ltr'>res</span> <span class='ocrx_word' id='word_1_148' title='bbox 595 1750 637 1786; x_wconf 91' lang='lat' dir='ltr'>in</span> <span class='ocrx_word' id='word_1_149' title='bbox 658 1749 812 1787; x_wconf 82' lang='lat' dir='ltr'>scaenis</span> <span class='ocrx_word' id='word_1_150' title='bbox 833 1752 904 1786; x_wconf 87' lang='lat' dir='ltr'>aut</span> <span class='ocrx_word' id='word_1_151' title='bbox 924 1752 1013 1785; x_wconf 89' lang='lat' dir='ltr'>acta</span> <span class='ocrx_word' id='word_1_152' title='bbox 1032 1748 1217 1785; x_wconf 77' lang='lat' dir='ltr'>refertur.</span> 
     </span>
     <span class='ocr_line' id='line_1_26' title="bbox 202 1812 1180 1864; baseline -0.004 -12"><span class='ocrx_word' id='word_1_153' title='bbox 202 1815 372 1864; x_wconf 82' lang='lat' dir='ltr'>Segnius</span> <span class='ocrx_word' id='word_1_154' title='bbox 392 1815 555 1851; x_wconf 86' lang='lat' dir='ltr'>irritant</span> <span class='ocrx_word' id='word_1_155' title='bbox 573 1814 728 1851; x_wconf 88' lang='lat' dir='ltr'>animos</span> <span class='ocrx_word' id='word_1_156' title='bbox 749 1812 923 1850; x_wconf 86' lang='lat' dir='ltr'>demissa</span> <span class='ocrx_word' id='word_1_157' title='bbox 941 1825 1012 1862; x_wconf 90' lang='lat' dir='ltr'>per</span> <span class='ocrx_word' id='word_1_158' title='bbox 1031 1824 1180 1855; x_wconf 89' lang='lat' dir='ltr'>aurem,</span> 
     </span>
     <span class='ocr_line' id='line_1_27' title="bbox 201 1875 1304 1928; baseline -0.005 -12"><span class='ocrx_word' id='word_1_159' title='bbox 201 1879 332 1926; x_wconf 80' lang='lat' dir='ltr'>Quam</span> <span class='ocrx_word' id='word_1_160' title='bbox 353 1891 455 1928; x_wconf 86' lang='lat' dir='ltr'>quae</span> <span class='ocrx_word' id='word_1_161' title='bbox 475 1881 571 1915; x_wconf 88' lang='lat' dir='ltr'>sunt</span> <span class='ocrx_word' id='word_1_162' title='bbox 591 1876 715 1914; x_wconf 87' lang='lat' dir='ltr'>oculis</span> <span class='ocrx_word' id='word_1_163' title='bbox 737 1876 915 1913; x_wconf 86' lang='lat' dir='ltr'>subiecta</span> <span class='ocrx_word' id='word_1_164' title='bbox 935 1875 1121 1913; x_wconf 87' lang='lat' dir='ltr'>fidelibus</span> <span class='ocrx_word' id='word_1_165' title='bbox 1141 1878 1181 1912; x_wconf 89' lang='lat' dir='ltr'>et</span> <span class='ocrx_word' id='word_1_166' title='bbox 1201 1887 1304 1925; x_wconf 89' lang='lat' dir='ltr'>quae</span> 
     </span>
     <span class='ocr_line' id='line_1_28' title="bbox 201 1938 1177 1993; baseline -0.005 -13"><span class='ocrx_word' id='word_1_167' title='bbox 201 1943 294 1993; x_wconf 89' lang='lat' dir='ltr'>Ipse</span> <span class='ocrx_word' id='word_1_168' title='bbox 315 1942 391 1979; x_wconf 89' lang='lat' dir='ltr'>sibi</span> <span class='ocrx_word' id='word_1_169' title='bbox 411 1941 538 1978; x_wconf 84' lang='lat' dir='ltr'>tradit</span> <span class='ocrx_word' id='word_1_170' title='bbox 559 1943 778 1990; x_wconf 85' lang='lat' dir='ltr'>spectator:</span> <span class='ocrx_word' id='word_1_171' title='bbox 810 1953 891 1976; x_wconf 91' lang='lat' dir='ltr'>non</span> <span class='ocrx_word' id='word_1_172' title='bbox 910 1942 1045 1976; x_wconf 86' lang='lat' dir='ltr'>tamen</span> <span class='ocrx_word' id='word_1_173' title='bbox 1066 1938 1177 1975; x_wconf 85' lang='lat' dir='ltr'>intus</span> 
     </span>
     <span class='ocr_line' id='line_1_29' title="bbox 200 2002 1261 2055; baseline -0.004 -12"><span class='ocrx_word' id='word_1_174' title='bbox 200 2007 336 2055; x_wconf 80' lang='lat' dir='ltr'>Digna</span> <span class='ocrx_word' id='word_1_175' title='bbox 356 2005 439 2055; x_wconf 74' lang='lat' dir='ltr'>geri</span> <span class='ocrx_word' id='word_1_176' title='bbox 458 2018 619 2055; x_wconf 86' lang='lat' dir='ltr'>promes</span> <span class='ocrx_word' id='word_1_177' title='bbox 639 2004 680 2040; x_wconf 86' lang='lat' dir='ltr'>in</span> <span class='ocrx_word' id='word_1_178' title='bbox 701 2016 896 2047; x_wconf 85' lang='lat' dir='ltr'>scaenam,</span> <span class='ocrx_word' id='word_1_179' title='bbox 916 2002 1125 2052; x_wconf 86' lang='lat' dir='ltr'>multaque</span> <span class='ocrx_word' id='word_1_180' title='bbox 1144 2002 1261 2040; x_wconf 87' lang='lat' dir='ltr'>tolles</span> 
     </span>
     <span class='ocr_line' id='line_1_30' title="bbox 200 2066 1240 2118; baseline -0.004 -12"><span class='ocrx_word' id='word_1_181' title='bbox 200 2070 261 2107; x_wconf 82' lang='lat' dir='ltr'>Ex</span> <span class='ocrx_word' id='word_1_182' title='bbox 282 2069 418 2113; x_wconf 86' lang='lat' dir='ltr'>oculis,</span> <span class='ocrx_word' id='word_1_183' title='bbox 439 2082 541 2118; x_wconf 91' lang='lat' dir='ltr'>quae</span> <span class='ocrx_word' id='word_1_184' title='bbox 559 2080 651 2105; x_wconf 84' lang='lat' dir='ltr'>mox</span> <span class='ocrx_word' id='word_1_185' title='bbox 671 2070 806 2104; x_wconf 91' lang='lat' dir='ltr'>narret</span> <span class='ocrx_word' id='word_1_186' title='bbox 825 2066 1015 2103; x_wconf 80' lang='lat' dir='ltr'>facundia</span> <span class='ocrx_word' id='word_1_187' title='bbox 1034 2078 1240 2116; x_wconf 87' lang='lat' dir='ltr'>praesens:</span> 
     </span>
     <span class='ocr_line' id='line_1_31' title="bbox 200 2130 1117 2183; baseline -0.005 -12"><span class='ocrx_word' id='word_1_188' title='bbox 200 2134 262 2171; x_wconf 90' lang='lat' dir='ltr'>Ne</span> <span class='ocrx_word' id='word_1_189' title='bbox 281 2145 425 2183; x_wconf 86' lang='lat' dir='ltr'>pueros</span> <span class='ocrx_word' id='word_1_190' title='bbox 445 2144 578 2169; x_wconf 87' lang='lat' dir='ltr'>coram</span> <span class='ocrx_word' id='word_1_191' title='bbox 598 2131 746 2181; x_wconf 86' lang='lat' dir='ltr'>populo</span> <span class='ocrx_word' id='word_1_192' title='bbox 767 2130 912 2167; x_wconf 88' lang='lat' dir='ltr'>Medea</span> <span class='ocrx_word' id='word_1_193' title='bbox 931 2130 1117 2173; x_wconf 81' lang='lat' dir='ltr'>trucidet,</span> 
     </span>
     <span class='ocr_line' id='line_1_32' title="bbox 198 2192 1292 2245; baseline -0.004 -12"><span class='ocrx_word' id='word_1_194' title='bbox 198 2197 285 2234; x_wconf 84' lang='lat' dir='ltr'>Aut</span> <span class='ocrx_word' id='word_1_195' title='bbox 304 2197 481 2233; x_wconf 87' lang='lat' dir='ltr'>humana</span> <span class='ocrx_word' id='word_1_196' title='bbox 500 2195 634 2245; x_wconf 83' lang='lat' dir='ltr'>palam</span> <span class='ocrx_word' id='word_1_197' title='bbox 654 2198 800 2243; x_wconf 84' lang='lat' dir='ltr'>coquat</span> <span class='ocrx_word' id='word_1_198' title='bbox 818 2197 909 2231; x_wconf 77' lang='lat' dir='ltr'>exta</span> <span class='ocrx_word' id='word_1_199' title='bbox 929 2192 1108 2230; x_wconf 77' lang='lat' dir='ltr'>nefarius</span> <span class='ocrx_word' id='word_1_200' title='bbox 1129 2192 1292 2235; x_wconf 88' lang='lat' dir='ltr'>Atreus,</span> 
     </span>
    </p>
   </div>
   <div class='ocr_carea' id='block_1_3' title="bbox 199 2256 1330 2304">
    <p class='ocr_par' dir='ltr' id='par_1_3' title="bbox 199 2256 1330 2304">
     <span class='ocr_line' id='line_1_33' title="bbox 199 2256 1330 2304; baseline -0.004 -7"><span class='ocrx_word' id='word_1_201' title='bbox 199 2260 285 2297; x_wconf 85' lang='lat' dir='ltr'>Aut</span> <span class='ocrx_word' id='word_1_202' title='bbox 304 2260 345 2296; x_wconf 84' lang='lat' dir='ltr'>in</span> <span class='ocrx_word' id='word_1_203' title='bbox 365 2272 477 2297; x_wconf 88' lang='lat' dir='ltr'>avem</span> <span class='ocrx_word' id='word_1_204' title='bbox 498 2260 651 2296; x_wconf 83' lang='lat' dir='ltr'>Procne</span> <span class='ocrx_word' id='word_1_205' title='bbox 670 2260 862 2300; x_wconf 85' lang='lat' dir='ltr'>vertatur,</span> <span class='ocrx_word' id='word_1_206' title='bbox 884 2257 1062 2295; x_wconf 80' lang='lat' dir='ltr'>Cadmus</span> <span class='ocrx_word' id='word_1_207' title='bbox 1084 2256 1125 2292; x_wconf 93' lang='lat' dir='ltr'>in</span> <span class='ocrx_word' id='word_1_208' title='bbox 1145 2269 1330 2304; x_wconf 77' lang='lat' dir='ltr'>anguem.</span> 
     </span>
    </p>
   </div>
   <div class='ocr_carea' id='block_1_4' title="bbox 201 2319 1246 2373">
    <p class='ocr_par' dir='ltr' id='par_1_4' title="bbox 201 2319 1246 2373">
     <span class='ocr_line' id='line_1_34' title="bbox 201 2319 1246 2373; baseline -0.005 -12"><span class='ocrx_word' id='word_1_209' title='bbox 201 2323 492 2373; x_wconf 87' lang='lat' dir='ltr'>Quodcumque</span> <span class='ocrx_word' id='word_1_210' title='bbox 511 2321 689 2360; x_wconf 81' lang='lat' dir='ltr'>ostendis</span> <span class='ocrx_word' id='word_1_211' title='bbox 709 2320 809 2358; x_wconf 80' lang='lat' dir='ltr'>mihi</span> <span class='ocrx_word' id='word_1_212' title='bbox 829 2320 896 2364; x_wconf 87' lang='lat' dir='ltr'>sic,</span> <span class='ocrx_word' id='word_1_213' title='bbox 917 2319 1148 2358; x_wconf 86' lang='lat' dir='ltr'>incredulus</span> <span class='ocrx_word' id='word_1_214' title='bbox 1168 2319 1246 2357; x_wconf 80' lang='lat' dir='ltr'>odi.</span> 
     </span>
    </p>
   </div>
   <div class='ocr_carea' id='block_1_5' title="bbox 1455 543 1525 576">
    <p class='ocr_par' dir='ltr' id='par_1_5' title="bbox 1455 543 1525 576">
     <span class='ocr_line' id='line_1_35' title="bbox 1455 543 1525 576; baseline 0 0"><span class='ocrx_word' id='word_1_215' title='bbox 1455 543 1525 576; x_wconf 77' lang='lat'>160</span> 
     </span>
    </p>
   </div>
   <div class='ocr_carea' id='block_1_6' title="bbox 1457 862 1520 906">
    <p class='ocr_par' dir='ltr' id='par_1_6' title="bbox 1457 862 1520 906">
     <span class='ocr_line' id='line_1_36' title="bbox 1457 862 1520 906; baseline 0 -10"><span class='ocrx_word' id='word_1_216' title='bbox 1457 862 1520 906; x_wconf 80' lang='lat'>165</span> 
     </span>
    </p>
   </div>
   <div class='ocr_carea' id='block_1_7' title="bbox 1454 1191 1525 1229">
    <p class='ocr_par' dir='ltr' id='par_1_7' title="bbox 1454 1191 1525 1229">
     <span class='ocr_line' id='line_1_37' title="bbox 1454 1191 1525 1229; baseline 0 -14"><span class='ocrx_word' id='word_1_217' title='bbox 1454 1191 1525 1229; x_wconf 88' lang='lat'>170</span> 
     </span>
    </p>
   </div>
   <div class='ocr_carea' id='block_1_8' title="bbox 1451 1505 1521 1543">
    <p class='ocr_par' dir='ltr' id='par_1_8' title="bbox 1451 1505 1521 1543">
     <span class='ocr_line' id='line_1_38' title="bbox 1451 1505 1521 1543; baseline -0.043 0"><span class='ocrx_word' id='word_1_218' title='bbox 1451 1505 1521 1543; x_wconf 85' lang='lat'>175</span> 
     </span>
    </p>
   </div>
   <div class='ocr_carea' id='block_1_9' title="bbox 1454 1813 1524 1848">
    <p class='ocr_par' dir='ltr' id='par_1_9' title="bbox 1454 1813 1524 1848">
     <span class='ocr_line' id='line_1_39' title="bbox 1454 1813 1524 1848; baseline 0 0"><span class='ocrx_word' id='word_1_219' title='bbox 1454 1813 1524 1848; x_wconf 88' lang='lat'>180</span> 
     </span>
    </p>
   </div>
   <div class='ocr_carea' id='block_1_10' title="bbox 1450 2132 1520 2176">
    <p class='ocr_par' dir='ltr' id='par_1_10' title="bbox 1450 2132 1520 2176">
     <span class='ocr_line' id='line_1_40' title="bbox 1450 2132 1520 2176; baseline 0 -10"><span class='ocrx_word' id='word_1_220' title='bbox 1450 2132 1520 2176; x_wconf 88' lang='lat'>185</span> 
     </span>
    </p>
   </div>
  </div>
 </body>
</html>
