1701 2605
159 172 295 226 xan]
628 182 822 218 amsans,
852 182 956 208 BOOK
987 182 1013 208 1.

157 277 275 316 Alter
293 275 336 315 in
354 276 584 325 obsequium
603 274 693 324 plus
710 285 834 323 aequo
852 285 998 323 pronus
1017 276 1058 310 et
1076 271 1147 310 imi

158 338 319 376 Derisor
336 337 429 376 lecti
445 337 501 373 sic
518 338 664 373 nutum
682 333 816 371 divitis
832 334 978 381 horret,

158 400 222 438 Sic
239 401 362 438 iterat
380 410 492 436 voces
509 400 552 435 et
569 396 692 434 verba
711 395 894 433 cadentia
912 395 1029 443 tollit,

156 462 219 500 Ut
236 473 405 512 puerum
423 472 540 497 saevo
558 458 694 497 credas
711 458 860 496 dictata
879 458 1069 508 magistro

156 523 334 562 Reddere
351 521 414 560 vel
431 526 567 571 partes
584 520 749 557 mimum
767 523 942 557 tractare
959 518 1165 563 secundas3

155 585 274 623 Alter
291 584 450 621 rixatur
468 583 515 619 de
533 582 628 619 lana
645 593 761 631 saepe
779 580 952 630 caprina,

155 647 391 696 Propugnat
410 644 526 694 nugis
545 647 727 681 armatus
744 655 751 679 :
785 645 805 662 “
827 642 981 679 Scilicet
1001 646 1047 679 ut
1066 655 1144 678 non

156 709 218 746 Sit
235 707 332 745 mihi
350 707 480 757 prima
498 705 593 743 fides
611 709 664 752 et,
684 717 776 742 vere
794 704 898 754 quod
917 703 1059 754 placet,
1080 708 1126 740 ut
1145 716 1222 739 non

154 770 314 808 Acriter
332 768 500 806 elatrem
519 770 526 805 ί
554 766 733 804 Pretium
752 770 862 803 aetas
879 766 1006 803 altera
1024 764 1186 802 sordet.”

153 831 387 881 Ambigitur
405 830 498 880 quid
517 829 648 867 enim?
703 829 840 866 Castor
858 828 957 865 sciat
975 840 1027 864 an
1048 826 1228 863 Dolichos
1248 826 1334 874 plus
1350 839 1359 871 ;

156 893 412 931 Brundisium
433 891 587 929 Minuci
606 891 747 928 melius
766 890 832 928 via
851 890 970 927 ducat
988 902 1040 926 an
1059 889 1178 938 Appi.

153 956 280 1000 Quem
299 955 487 993 damnosa
505 966 640 1000 venus,
660 965 778 1002 quem
795 964 980 1002 praeceps
997 951 1083 988 alea
1102 949 1241 996 nudat,

155 1017 293 1055 Gloria
312 1029 430 1066 quem
449 1028 570 1065 supra
588 1014 693 1052 vires
711 1018 752 1051 et
771 1013 891 1051 vestit
910 1018 950 1050 et
970 1013 1125 1062 unguit,

154 1080 278 1124 Quem
296 1082 408 1116 tenet
427 1076 585 1127 argenti
602 1077 688 1114 sitis
701 1077 916 1126 inportuna
935 1074 1148 1123 famesque,

153 1141 279 1187 Quem
298 1139 548 1190 paupertatis
566 1138 690 1189 pudor
708 1141 750 1175 et
768 1137 873 1187 fuga,
895 1137 999 1174 dives
1018 1135 1179 1181 amicus,

155 1202 278 1252 Saepe
297 1201 427 1239 decem
447 1200 554 1237 vitiis
573 1199 816 1245 instructior,
836 1198 919 1235 odit
938 1201 978 1234 et
997 1198 1142 1242 horret,

153 1266 252 1311 Aut,
271 1264 305 1301 si
323 1275 403 1300 non
421 1261 516 1308 odit,
534 1261 638 1311 regit
657 1273 703 1297 ac
720 1260 845 1297 veluti
863 1259 927 1309 pia
947 1261 1075 1295 mater

153 1327 249 1364 Plus
267 1337 388 1376 quam
408 1336 449 1362 se
469 1335 608 1373 sapere
628 1326 669 1360 et
688 1322 910 1359 virtutibus
929 1333 1009 1358 esse
1028 1319 1196 1370 priorem

154 1387 252 1425 Volt
271 1390 312 1424 et
333 1387 392 1423 ait
410 1398 532 1436 prope
550 1397 644 1422 vera
663 1398 670 1421 :
701 1386 724 1404 “
740 1383 856 1420 Meae
876 1381 1125 1432 (contendere
1144 1380 1241 1431 noli)

155 1449 380 1487 Stultitiam
399 1449 612 1498 patiuntur
631 1459 744 1496 opes3
774 1446 848 1482 tibi
867 1444 1031 1495 parvola
1050 1455 1112 1480 res
1130 1447 1186 1479 est
1206 1455 1213 1478 ε

153 1513 260 1549 Arta
277 1511 388 1548 decet
406 1522 548 1547 sanum
568 1509 750 1546 comitem
769 1512 861 1556 toga
875 1520 885 1554 ;
915 1506 1044 1542 desine
1063 1516 1213 1541 mecum

153 1571 350 1610 Certare.”
406 1571 657 1621 Eutrapelus,
677 1571 906 1618 cuicumque
925 1579 1062 1605 nocere
1081 1566 1247 1611 volebat,

153 1635 405 1672 Vestimenta
424 1633 544 1670 dabat
563 1632 733 1683 pretiosa
750 1644 758 1668 ε
788 1632 926 1668 beatus
944 1629 1049 1666 enim
1067 1629 1146 1664 iam

154 1697 253 1734 Cum
273 1696 448 1746 pulchris
465 1695 609 1733 tunicis
627 1698 758 1731 sumet
777 1705 879 1729 nova
898 1690 1058 1728 consilia
1076 1693 1116 1727 et
1134 1702 1232 1739 spes,

155 1758 337 1796 Dormiet
357 1758 398 1794 in
420 1757 559 1803 lucem,
580 1759 708 1793 scorto
727 1756 936 1804 postponet
954 1752 1161 1789 honestum

153 1820 344 1866 Officium,
365 1830 547 1856 nummos
566 1817 714 1854 alienos
729 1818 874 1866 pascet,
897 1814 948 1851 ad
967 1814 1089 1850 imum

153 1881 286 1918 Thrax
305 1880 382 1918 erit
399 1884 470 1917 aut
489 1879 638 1917 olitoris
657 1881 749 1927 aget
770 1875 944 1914 mercede
963 1875 1167 1912 caballum.

153 1944 358 1980 Arcanum
377 1954 504 1992 neque
523 1945 570 1978 tu
589 1939 828 1978 scrutaberis
845 1938 952 1974 illius
970 1948 1171 1986 umquam,

154 2004 476 2054 Conmissumque
493 2007 602 2052 teges
621 2006 660 2039 et
679 2001 770 2038 vino
789 2004 920 2037 tortus
938 2002 978 2035 et
995 1998 1066 2035 ira.

153 2066 237 2104 Nec
255 2070 327 2103 tua
345 2065 526 2103 laudabis
544 2063 676 2101 studia
694 2065 767 2100 aut
786 2062 914 2098 aliena
933 2059 1151 2110 reprendes»,

154 2127 250 2174 Nec,
269 2140 359 2165 cum
377 2126 514 2165 venari
532 2125 638 2163 volet
656 2124 733 2171 ille,
755 2126 937 2173 poemata
957 2133 1116 2170 pangas.

155 2188 297 2226 Gratia
315 2189 369 2226 sic
388 2188 562 2225 fratrum
582 2186 840 2236 geminorum,
861 2182 1096 2232 Amphionis
1116 2184 1236 2229 atq11e

155 2250 282 2296 Zethi,
301 2248 481 2295 dissiluit,
501 2248 621 2285 donec
640 2250 819 2297 suspecta
836 2258 968 2282 severo

156 2311 356 2350 Conticuit
374 2311 468 2360 lyra.
530 2310 734 2347 Fraternis
753 2308 907 2345 cessisse
927 2310 1094 2356 putatur

157 2373 336 2413 Moribus
356 2372 581 2424 Amphion:
610 2376 655 2409 tu
675 2370 765 2408 cedo
785 2368 957 2422 potentis
976 2366 1092 2405 amici

1427 170 1475 206 43

1430 285 1476 310 10

1427 2131 1476 2164 40
