1701 2605
171 145 221 182 60
745 156 913 184 HoRAoE.

168 247 376 285 Caedimur
394 252 434 286 et
452 248 619 286 totidem
639 249 766 299 plagis
787 248 1052 286 consumimus
1071 248 1223 285 hostem

169 310 295 347 Lento
315 310 512 348 Samnites
532 311 582 347 ad
603 311 755 347 lumina
776 312 903 360 prima
924 309 1061 348 duello.

169 372 332 409 Discedo
351 373 521 410 Alcaeus
540 377 686 422 puncto
706 372 810 409 illius
824 386 834 419 3
865 372 930 408 ille
950 385 1036 408 meo
1055 371 1168 420 quisce

168 434 263 478 Quis
283 434 357 471 nisi
376 434 667 471 Callimachus?
696 434 727 470 si
746 434 834 483 plus
854 434 1060 483 adposcere
1079 432 1195 479 visus,

169 494 234 531 Fit
254 495 514 532 Mimnermus
532 499 574 532 et
594 495 725 545 optivo
745 495 971 544 cognomine
990 494 1136 530 crescit.

169 556 302 593 Multa
322 556 416 604 fero,
439 561 484 593 ut
503 557 654 606 placem
673 569 795 606 genus
814 556 1016 593 inritabile
1035 559 1186 601 vatum,

168 617 267 654 Cum
286 618 410 654 scribo
429 622 469 654 et
488 617 652 667 supplex
671 617 804 667 populi
822 617 1009 666 suffragia
1029 620 1143 665 capto
1160 628 1169 661 ;

168 677 279 715 Idem
299 678 422 715 finitis
441 679 579 715 studiis
600 682 640 716 et
659 683 791 716 mente
809 682 969 728 recepta

167 739 358 776 Obturem
377 740 534 789 patulas
553 740 700 789 inpune
718 739 937 789 legentibus
956 752 1080 777 aures.

168 801 365 837 Ridentur
385 801 490 838 mala
509 801 577 851 qui
596 805 824 851 conponunt
844 801 1019 838 carmina
1035 815 1044 848 3
1073 814 1211 838 verum

167 862 352 899 Gaudent
370 863 583 900 scribentes
601 866 641 899 et
662 875 701 899 se
719 866 961 899 venerantur
979 866 1019 899 et
1038 863 1154 909 ultro,

168 922 208 959 Si
227 926 369 970 taceas,
390 924 555 960 laudant
574 923 763 973 quidquid
783 924 966 972 scripsere
985 923 1102 960 beati.

166 984 225 1021 At
244 985 312 1033 qui
330 984 549 1034 legitimum
569 985 699 1033 cupiet
717 984 851 1021 fecisse
870 997 1018 1033 poema,

167 1045 265 1082 Cum
285 1045 431 1082 tabulis
450 1046 627 1082 animum
647 1045 813 1082 censoris
832 1049 959 1082 sumet
979 1045 1139 1082 honesti.

167 1107 350 1154 Audebit,
371 1120 639 1156 quaecumque
658 1120 800 1157 parum
819 1107 1032 1156 splendoris
1051 1107 1257 1144 habebunt

166 1169 219 1204 Et
238 1169 321 1205 sine
341 1169 509 1218 pondere
528 1173 646 1206 erunt
667 1173 706 1206 et
725 1169 869 1205 honore
889 1168 1050 1218 indigna
1070 1169 1262 1215 ferentur,

166 1230 302 1266 Verba
322 1243 477 1267 movere
497 1231 590 1278 loco,
613 1231 791 1279 quamvis
811 1230 938 1266 invita
958 1230 1141 1266 recedant

166 1292 219 1328 Et
239 1296 444 1329 versentur
464 1292 593 1328 adhuc
613 1293 720 1329 intra
741 1291 961 1341 penetralia
980 1292 1128 1328 Vestae
1143 1305 1154 1338 3

165 1353 383 1390 Obscurata
403 1353 469 1389 ‹liu
489 1353 631 1402 populo
652 1355 776 1389 bonus
796 1356 908 1389 eruet
927 1357 1048 1401 atque

165 1412 345 1450 Proferet
363 1415 405 1449 in
425 1414 550 1450 lucem
572 1414 741 1463 speciosa
761 1413 949 1451 vocabula
968 1426 1113 1460 rerum,

165 1475 274 1519 Quae
292 1475 428 1524 priscis
447 1481 665 1512 memorata
686 1476 899 1513 Catonibus
918 1479 1038 1524 atque
1058 1475 1239 1524 Cethegis

163 1536 282 1573 Nunc
301 1537 399 1573 situs
418 1537 599 1574 informis
619 1538 764 1586 premit
783 1541 823 1574 et
843 1537 996 1574 deserta
1016 1540 1216 1583 vetustam

164 1598 362 1635 Adsciscet
382 1612 495 1645 nova,
517 1612 617 1648 quae
637 1599 792 1648 genitor
811 1598 1039 1648 produxerit
1060 1610 1161 1634 usus.

164 1659 336 1696 Vemens
356 1662 395 1696 et
414 1660 585 1709 liquidus
604 1673 779 1709 puroque
799 1660 1020 1696 simillimus
1040 1659 1147 1695 amni

165 1720 320 1757 Fundet
339 1733 428 1770 opes
449 1721 690 1771 Latiumque
709 1722 841 1759 beabit
862 1720 982 1757 divite
1002 1721 1137 1769 lingua
1152 1734 1163 1768 3

164 1780 428 1818 Luxuriantia
448 1787 659 1831 conpescet,
680 1783 796 1819 nimis
815 1795 952 1831 aspera
972 1795 1065 1818 sano

165 1842 330 1879 Levabit
349 1843 470 1888 cultu,
491 1844 640 1880 virtute
660 1844 835 1881 carentia
856 1844 979 1890 tollet,

164 1904 352 1940 Ludentis
371 1905 535 1952 speciem
556 1904 666 1941 dabit
686 1908 725 1941 et
745 1905 1004 1953 torquebitur,
1027 1908 1072 1941 ut
1092 1904 1159 1953 qui

163 1964 281 2000 Nunc
303 1964 502 2012 Satyrum,
523 1977 628 2001 nunc
647 1969 841 2013 agrestem
862 1965 1031 2014 Cyclopa
1051 1970 1240 2002 movetur.

163 2025 423 2062 Praetulerim
445 2028 609 2077 scriptor
629 2027 773 2064 delirus
792 2028 973 2076 inersque
993 2027 1127 2073 videri,

163 2087 269 2123 Dum
290 2099 377 2123 mca
397 2088 590 2125 delectent
611 2089 715 2125 mala
736 2101 797 2125 me
816 2089 876 2125 vol
898 2088 1062 2137 (leuique
1082 2087 1238 2132 fallant,

163 2148 291 2192 Quam
311 2161 446 2197 sapere
465 2154 504 2186 et
523 2150 625 2198 ringi
642 2153 654 2187 ῗὶ
711 2150 804 2186 Fuit
824 2149 929 2186 haud
948 2149 1127 2197 ignobilis
1146 2149 1277 2197 Argis,

162 2210 239 2254 Qui
257 2222 297 2246 se
316 2211 498 2247 credebat
517 2211 634 2247 miros
656 2212 790 2248 audire
811 2211 1014 2259 tragoedos

163 2271 215 2307 In
235 2283 359 2307 vacuo
378 2271 507 2308 laetus
526 2284 648 2308 sessor
668 2272 900 2321 plausorque
920 2272 1088 2319 theatro,

164 2331 304 2367 Cetera
324 2332 391 2380 qui
411 2332 517 2368 vitae
538 2337 713 2370 servaret
734 2334 868 2369 munia
888 2336 993 2370 recto

1425 143 1484 197 [Π.

1414 447 1485 472 100

1413 752 1482 789 105

1413 1058 1484 1083 110

1411 1365 1479 1402 115

1409 1671 1480 1696 120

1408 1977 1477 2014 125

1409 2283 1479 2318 130
