1701 2605
221 196 271 232 40
797 205 962 232 noRACE.
1312 192 1420 245 [xvi.,
1442 205 1536 231 xvn.

220 299 279 337 Sit
299 313 386 350 spes
404 299 579 347 fallendi,
599 299 777 337 miscebis
794 311 906 336 sacra
924 298 1125 348 profanis:

219 362 327 399 Nam
346 361 394 399 de
412 361 517 399 mille
536 360 651 398 fabae
670 360 807 398 modiis
826 373 915 398 cum
935 360 1099 410 surripis
1117 372 1254 406 unum,
1490 371 1535 409 55

220 423 474 470 Damnumst,
492 435 573 460 non
591 422 756 470 facinus,
777 421 873 459 mihi
891 426 1007 472 pacto
1025 421 1153 459 lenius
1171 421 1257 459 isto.

219 483 295 520 Vir
314 484 449 530 bonus,
469 496 584 521 omne
602 482 734 521 forum
752 495 868 533 quem
888 486 1039 533 spectat
1056 486 1097 520 et
1116 495 1232 520 omne
1250 482 1441 529 tribunal,

218 545 552 595 Quandocumque
571 545 661 582 deos
679 544 742 581 vel
760 557 876 594 porco
897 544 959 582 vel
978 545 1074 582 bove
1094 544 1238 594 placat,

219 606 354 643 “Iane
374 610 488 656 pater
503 605 521 621 ''
542 606 656 652 clare,
677 605 781 643 clare
799 618 888 642 cum
908 605 987 642 dixi
1028 608 1051 626 “
1066 605 1242 655 Apollo,’'

217 667 349 704 Labra
369 670 499 704 movet
519 671 700 704 metuens
719 666 847 703 audiri
863 681 870 704 :
904 666 1108 703 “Pulchra
1127 666 1321 713 Laverna,
1483 670 1531 705 60

217 728 281 764 Da
301 727 398 764 mihi
417 727 564 774 fallere,
585 727 634 763 da
652 726 755 764 iusto
774 730 987 776 sanctoque
1008 726 1140 773 videri,

216 788 382 825 Noctem
401 787 570 838 peccatis
589 791 627 824 et
647 787 854 824 fraudibus
872 788 980 824 obice
997 787 1176 825 nubem.”

216 849 293 894 Qui
312 849 447 886 melior
466 861 588 895 servo,
609 848 677 898 qui
695 848 853 885 liberior
872 849 924 885 sit
942 861 1097 895 avarus,

215 911 267 947 In
285 910 414 948 triviis
433 911 554 947 fixum
574 923 662 947 cum
681 923 722 948 se
741 910 916 948 demittit
933 910 982 947 ob
1003 922 1137 956 assem,

214 972 308 1009 Non
326 972 436 1009 video
453 984 460 1009 :
489 985 582 1009 nam
601 972 669 1021 qui
689 971 831 1020 cupiet,
851 974 1004 1009 metuet
1023 984 1176 1022 quoque
1196 984 1204 1018 ;
1234 984 1350 1022 porro
1486 976 1532 1022 65

214 1033 291 1078 Qui
309 1037 488 1070 metuens
506 1033 625 1079 vivet,
645 1032 743 1070 liber
761 1033 860 1070 mihi
877 1045 956 1070 non
975 1033 1051 1070 erit
1070 1045 1268 1083 umquam.

214 1094 390 1131 Perdidit
409 1107 533 1140 arma,
555 1094 683 1131 locum
702 1093 864 1131 virtutis
883 1093 1066 1140 deseruit,
1085 1094 1154 1144 qui

214 1157 374 1206 Semper
392 1155 434 1192 in
454 1155 631 1205 augenda
650 1154 815 1192 festinat
833 1159 874 1192 et
892 1155 1074 1192 obruitur
1091 1169 1143 1194 re.

213 1217 395 1254 Vendere
414 1229 502 1253 cum
522 1216 643 1266 possis
662 1216 875 1265 captivum,
896 1216 1066 1254 occidere
1086 1216 1190 1256 noli:

215 1278 365 1315 Serviet
384 1277 537 1314 utiliter
553 1292 560 1315 ε
591 1277 675 1314 sine
693 1280 832 1327 pascat
852 1277 975 1314 durus
996 1281 1171 1327 aretque,
1486 1292 1533 1328 70

212 1339 386 1389 Naviget
404 1352 450 1376 ac
470 1339 604 1376 mediis
622 1339 768 1376 hiemet
787 1341 979 1375 mercator
997 1339 1038 1375 in
1058 1338 1184 1388 undis,

213 1402 408 1437 Annonae
426 1401 560 1450 prosit,
581 1403 713 1450 portet
729 1399 932 1438 frumenta
950 1413 1161 1451 penusque.

212 1463 289 1499 Vir
308 1463 431 1499 bonus
449 1465 489 1499 et
508 1462 663 1511 sapiens
681 1462 843 1499 audebit
862 1462 986 1499 dicere
1003 1476 1010 1500 :
1042 1466 1064 1484 “
1080 1464 1262 1502 Pentheu

211 1525 356 1561 Rector
374 1523 610 1570 Thebarum,
631 1522 725 1572 quid
745 1536 807 1560 me
826 1522 1001 1573 perferre
1021 1525 1183 1575 patique

212 1585 425 1634 Indignum
445 1583 612 1634 coges2''
635 1588 657 1605 “
672 1584 861 1622 Adimam
880 1584 1017 1623 bona.''
1074 1589 1096 1606 “
1111 1586 1265 1637 Nempe
1285 1600 1412 1637 pecuS,
1432 1600 1528 1633 rem,

212 1647 361 1692 Lectos,
382 1649 616 1695 argentum:
645 1645 759 1682 tollas
778 1646 902 1684 licet.’'
958 1649 980 1667 “
996 1646 1046 1684 In
1065 1649 1227 1686 manicis
1245 1652 1285 1686 et
1482 1652 1529 1697 76

211 1707 468 1756 Compedibus
486 1718 599 1743 saevo
617 1710 658 1743 te
677 1706 749 1744 sub
767 1706 924 1744 custode
941 1708 1116 1746 tenebo.''

212 1769 341 1817 “Ipse
359 1768 463 1815 deus,
483 1768 720 1817 simulatque
739 1769 880 1815 volam,
900 1782 962 1806 me
978 1769 1136 1809 solvet.'’
1192 1771 1341 1820 Opinor

213 1830 298 1866 Hoc
317 1829 448 1876 sentit,
462 1832 483 1849 ‘⁴
497 1828 675 1866 moriar.’'
731 1829 842 1866 Mors
861 1830 1004 1867 ultima
1024 1830 1127 1867 linea
1147 1835 1329 1870 rerumst.

804 2048 947 2085 XVII.

210 2128 406 2174 QUAMvm,
428 2127 584 2174 Scaeva,
606 2127 701 2164 satis
721 2139 789 2177 per
808 2130 848 2164 te
869 2127 943 2163 tibi
963 2128 1131 2165 consulis
1151 2131 1191 2165 et
1210 2128 1293 2174 scis,

209 2189 294 2233 Quo
312 2188 475 2225 tandem
495 2191 612 2238 pacto
631 2188 767 2225 deceat
786 2188 999 2226 maioribus
1019 2189 1078 2225 uti
1095 2202 1102 2234 ;

210 2250 336 2296 Disce,
358 2249 550 2287 docendus
570 2249 697 2286 adhuc
716 2262 816 2299 quae
835 2253 966 2287 censet
985 2250 1187 2299 amiculus,
1206 2255 1252 2288 ut
1270 2252 1303 2288 si

209 2311 356 2348 Caecus
373 2310 450 2348 iter
469 2315 689 2348 monstrare
707 2311 801 2348 velit
817 2324 825 2357 ;
854 2315 986 2348 tamen
1005 2311 1170 2361 adspice,
1189 2311 1315 2361 siquid

209 2372 264 2411 Et
283 2385 363 2420 nos,
383 2373 484 2425 quod
505 2386 614 2410 cures
632 2375 831 2425 proprium
852 2373 995 2421 fecisse,
1015 2375 1234 2424 loquamur.
1510 2395 1530 2437 5
